%YAML 1.1
%TAG !u! tag:unity3d.com,2011:
--- !u!1 &1686598861907734169
GameObject:
  m_ObjectHideFlags: 0
  m_CorrespondingSourceObject: {fileID: 0}
  m_PrefabInstance: {fileID: 0}
  m_PrefabAsset: {fileID: 0}
  serializedVersion: 6
  m_Component:
  - component: {fileID: 1869229292808326076}
  - component: {fileID: 3900956091293329630}
  - component: {fileID: 482434976706955983}
  - component: {fileID: 325289700758161556}
  m_Layer: 0
  m_Name: Plane (1)
  m_TagString: Untagged
  m_Icon: {fileID: 0}
  m_NavMeshLayer: 0
  m_StaticEditorFlags: 0
  m_IsActive: 1
--- !u!4 &1869229292808326076
Transform:
  m_ObjectHideFlags: 0
  m_CorrespondingSourceObject: {fileID: 0}
  m_PrefabInstance: {fileID: 0}
  m_PrefabAsset: {fileID: 0}
  m_GameObject: {fileID: 1686598861907734169}
  m_LocalRotation: {x: 0, y: 0, z: 0, w: 1}
  m_LocalPosition: {x: 0, y: -0.01, z: -10}
  m_LocalScale: {x: 1, y: 1, z: 1}
  m_Children: []
  m_Father: {fileID: 7341514312612791984}
  m_RootOrder: 3
  m_LocalEulerAnglesHint: {x: 0, y: 0, z: 0}
--- !u!33 &3900956091293329630
MeshFilter:
  m_ObjectHideFlags: 0
  m_CorrespondingSourceObject: {fileID: 0}
  m_PrefabInstance: {fileID: 0}
  m_PrefabAsset: {fileID: 0}
  m_GameObject: {fileID: 1686598861907734169}
  m_Mesh: {fileID: 10209, guid: 0000000000000000e000000000000000, type: 0}
--- !u!23 &482434976706955983
MeshRenderer:
  m_ObjectHideFlags: 0
  m_CorrespondingSourceObject: {fileID: 0}
  m_PrefabInstance: {fileID: 0}
  m_PrefabAsset: {fileID: 0}
  m_GameObject: {fileID: 1686598861907734169}
  m_Enabled: 1
  m_CastShadows: 1
  m_ReceiveShadows: 1
  m_DynamicOccludee: 1
  m_MotionVectors: 1
  m_LightProbeUsage: 1
  m_ReflectionProbeUsage: 1
  m_RayTracingMode: 2
  m_RenderingLayerMask: 1
  m_RendererPriority: 0
  m_Materials:
  - {fileID: 2100000, guid: 16176c138e4da4678ad7e9a9dd39429d, type: 2}
  m_StaticBatchInfo:
    firstSubMesh: 0
    subMeshCount: 0
  m_StaticBatchRoot: {fileID: 0}
  m_ProbeAnchor: {fileID: 0}
  m_LightProbeVolumeOverride: {fileID: 0}
  m_ScaleInLightmap: 1
  m_ReceiveGI: 1
  m_PreserveUVs: 0
  m_IgnoreNormalsForChartDetection: 0
  m_ImportantGI: 0
  m_StitchLightmapSeams: 1
  m_SelectedEditorRenderState: 3
  m_MinimumChartSize: 4
  m_AutoUVMaxDistance: 0.5
  m_AutoUVMaxAngle: 89
  m_LightmapParameters: {fileID: 0}
  m_SortingLayerID: 0
  m_SortingLayer: 0
  m_SortingOrder: 0
--- !u!64 &325289700758161556
MeshCollider:
  m_ObjectHideFlags: 0
  m_CorrespondingSourceObject: {fileID: 0}
  m_PrefabInstance: {fileID: 0}
  m_PrefabAsset: {fileID: 0}
  m_GameObject: {fileID: 1686598861907734169}
  m_Material: {fileID: 0}
  m_IsTrigger: 0
  m_Enabled: 1
  serializedVersion: 4
  m_Convex: 0
  m_CookingOptions: 30
  m_Mesh: {fileID: 10209, guid: 0000000000000000e000000000000000, type: 0}
--- !u!1 &6597876150407980941
GameObject:
  m_ObjectHideFlags: 0
  m_CorrespondingSourceObject: {fileID: 0}
  m_PrefabInstance: {fileID: 0}
  m_PrefabAsset: {fileID: 0}
  serializedVersion: 6
  m_Component:
  - component: {fileID: 9214186424677010690}
  m_Layer: 0
  m_Name: GameObject
  m_TagString: Untagged
  m_Icon: {fileID: 0}
  m_NavMeshLayer: 0
  m_StaticEditorFlags: 0
  m_IsActive: 1
--- !u!4 &9214186424677010690
Transform:
  m_ObjectHideFlags: 0
  m_CorrespondingSourceObject: {fileID: 0}
  m_PrefabInstance: {fileID: 0}
  m_PrefabAsset: {fileID: 0}
  m_GameObject: {fileID: 6597876150407980941}
  m_LocalRotation: {x: 0, y: 0, z: 0, w: 1}
  m_LocalPosition: {x: 0, y: 0, z: -3.04}
  m_LocalScale: {x: 1, y: 1, z: 1}
  m_Children: []
  m_Father: {fileID: 7341514312612791984}
  m_RootOrder: 26
  m_LocalEulerAnglesHint: {x: 0, y: 0, z: 0}
--- !u!1 &7341514312612791987
GameObject:
  m_ObjectHideFlags: 0
  m_CorrespondingSourceObject: {fileID: 0}
  m_PrefabInstance: {fileID: 0}
  m_PrefabAsset: {fileID: 0}
  serializedVersion: 6
  m_Component:
  - component: {fileID: 7341514312612791984}
  - component: {fileID: 7341514312612791991}
  - component: {fileID: 7341514312612791990}
  - component: {fileID: 6882801697415086029}
  m_Layer: 0
  m_Name: grassMiddleStrip
  m_TagString: Untagged
  m_Icon: {fileID: 0}
  m_NavMeshLayer: 0
  m_StaticEditorFlags: 0
  m_IsActive: 1
--- !u!4 &7341514312612791984
Transform:
  m_ObjectHideFlags: 0
  m_CorrespondingSourceObject: {fileID: 0}
  m_PrefabInstance: {fileID: 0}
  m_PrefabAsset: {fileID: 0}
  m_GameObject: {fileID: 7341514312612791987}
  m_LocalRotation: {x: 0, y: 0, z: 0, w: 1}
  m_LocalPosition: {x: -15.4, y: 0, z: 100}
  m_LocalScale: {x: 1, y: 1, z: 5}
  m_Children:
  - {fileID: 866594614196068926}
  - {fileID: 1733775506380327647}
  - {fileID: 220515673285934960}
  - {fileID: 1869229292808326076}
  - {fileID: 2041110765339076285}
  - {fileID: 6378087037071054387}
  - {fileID: 1742001952904655418}
  - {fileID: 3749283676723110232}
  - {fileID: 5708491579780005967}
  - {fileID: 2733261080437793428}
  - {fileID: 3118640195478170323}
  - {fileID: 6915150323916735576}
  - {fileID: 8592748977217068813}
  - {fileID: 8964688238632759394}
  - {fileID: 5367263357095026020}
  - {fileID: 3209012740084834990}
  - {fileID: 7848432682862009629}
  - {fileID: 5785355906861658446}
  - {fileID: 882574520961898670}
  - {fileID: 3121906448704071142}
  - {fileID: 36268725235882218}
  - {fileID: 819864814994999843}
  - {fileID: 5039049051221936153}
  - {fileID: 4176540750671872858}
  - {fileID: 6299119285724177418}
  - {fileID: 117691340251497896}
  - {fileID: 9214186424677010690}
  m_Father: {fileID: 0}
  m_RootOrder: 0
  m_LocalEulerAnglesHint: {x: 0, y: 0, z: 0}
--- !u!33 &7341514312612791991
MeshFilter:
  m_ObjectHideFlags: 0
  m_CorrespondingSourceObject: {fileID: 0}
  m_PrefabInstance: {fileID: 0}
  m_PrefabAsset: {fileID: 0}
  m_GameObject: {fileID: 7341514312612791987}
  m_Mesh: {fileID: 10209, guid: 0000000000000000e000000000000000, type: 0}
--- !u!23 &7341514312612791990
MeshRenderer:
  m_ObjectHideFlags: 0
  m_CorrespondingSourceObject: {fileID: 0}
  m_PrefabInstance: {fileID: 0}
  m_PrefabAsset: {fileID: 0}
  m_GameObject: {fileID: 7341514312612791987}
  m_Enabled: 1
  m_CastShadows: 1
  m_ReceiveShadows: 1
  m_DynamicOccludee: 1
  m_MotionVectors: 1
  m_LightProbeUsage: 1
  m_ReflectionProbeUsage: 1
  m_RayTracingMode: 2
  m_RenderingLayerMask: 1
  m_RendererPriority: 0
  m_Materials:
  - {fileID: 2100000, guid: 42b224efc5a8c4863a87e224a72bb1ea, type: 2}
  m_StaticBatchInfo:
    firstSubMesh: 0
    subMeshCount: 0
  m_StaticBatchRoot: {fileID: 0}
  m_ProbeAnchor: {fileID: 0}
  m_LightProbeVolumeOverride: {fileID: 0}
  m_ScaleInLightmap: 1
  m_ReceiveGI: 1
  m_PreserveUVs: 0
  m_IgnoreNormalsForChartDetection: 0
  m_ImportantGI: 0
  m_StitchLightmapSeams: 0
  m_SelectedEditorRenderState: 3
  m_MinimumChartSize: 4
  m_AutoUVMaxDistance: 0.5
  m_AutoUVMaxAngle: 89
  m_LightmapParameters: {fileID: 0}
  m_SortingLayerID: 0
  m_SortingLayer: 0
  m_SortingOrder: 0
--- !u!65 &6882801697415086029
BoxCollider:
  m_ObjectHideFlags: 0
  m_CorrespondingSourceObject: {fileID: 0}
  m_PrefabInstance: {fileID: 0}
  m_PrefabAsset: {fileID: 0}
  m_GameObject: {fileID: 7341514312612791987}
  m_Material: {fileID: 0}
  m_IsTrigger: 0
  m_Enabled: 1
  serializedVersion: 2
  m_Size: {x: 10, y: 2.220446e-16, z: 10}
  m_Center: {x: 0, y: 0, z: 0}
--- !u!1 &7462812992716834818
GameObject:
  m_ObjectHideFlags: 0
  m_CorrespondingSourceObject: {fileID: 0}
  m_PrefabInstance: {fileID: 0}
  m_PrefabAsset: {fileID: 0}
  serializedVersion: 6
  m_Component:
  - component: {fileID: 866594614196068926}
  - component: {fileID: 5554709647814165256}
  - component: {fileID: 5341584906124947213}
  - component: {fileID: 4645170398864758358}
  m_Layer: 0
  m_Name: Cube
  m_TagString: Untagged
  m_Icon: {fileID: 0}
  m_NavMeshLayer: 0
  m_StaticEditorFlags: 0
  m_IsActive: 1
--- !u!4 &866594614196068926
Transform:
  m_ObjectHideFlags: 0
  m_CorrespondingSourceObject: {fileID: 0}
  m_PrefabInstance: {fileID: 0}
  m_PrefabAsset: {fileID: 0}
  m_GameObject: {fileID: 7462812992716834818}
  m_LocalRotation: {x: -0, y: -0, z: -0, w: 1}
  m_LocalPosition: {x: 0, y: 0, z: 2.98}
  m_LocalScale: {x: 10, y: 0.1, z: 4}
  m_Children: []
  m_Father: {fileID: 7341514312612791984}
  m_RootOrder: 0
  m_LocalEulerAnglesHint: {x: 0, y: 0, z: 0}
--- !u!33 &5554709647814165256
MeshFilter:
  m_ObjectHideFlags: 0
  m_CorrespondingSourceObject: {fileID: 0}
  m_PrefabInstance: {fileID: 0}
  m_PrefabAsset: {fileID: 0}
  m_GameObject: {fileID: 7462812992716834818}
  m_Mesh: {fileID: 10202, guid: 0000000000000000e000000000000000, type: 0}
--- !u!23 &5341584906124947213
MeshRenderer:
  m_ObjectHideFlags: 0
  m_CorrespondingSourceObject: {fileID: 0}
  m_PrefabInstance: {fileID: 0}
  m_PrefabAsset: {fileID: 0}
  m_GameObject: {fileID: 7462812992716834818}
  m_Enabled: 1
  m_CastShadows: 1
  m_ReceiveShadows: 1
  m_DynamicOccludee: 1
  m_MotionVectors: 1
  m_LightProbeUsage: 1
  m_ReflectionProbeUsage: 1
  m_RayTracingMode: 2
  m_RenderingLayerMask: 1
  m_RendererPriority: 0
  m_Materials:
  - {fileID: 2100000, guid: 7be1b98faf9348c4ca909d27901be725, type: 2}
  m_StaticBatchInfo:
    firstSubMesh: 0
    subMeshCount: 0
  m_StaticBatchRoot: {fileID: 0}
  m_ProbeAnchor: {fileID: 0}
  m_LightProbeVolumeOverride: {fileID: 0}
  m_ScaleInLightmap: 1
  m_ReceiveGI: 1
  m_PreserveUVs: 0
  m_IgnoreNormalsForChartDetection: 0
  m_ImportantGI: 0
  m_StitchLightmapSeams: 1
  m_SelectedEditorRenderState: 3
  m_MinimumChartSize: 4
  m_AutoUVMaxDistance: 0.5
  m_AutoUVMaxAngle: 89
  m_LightmapParameters: {fileID: 0}
  m_SortingLayerID: 0
  m_SortingLayer: 0
  m_SortingOrder: 0
--- !u!65 &4645170398864758358
BoxCollider:
  m_ObjectHideFlags: 0
  m_CorrespondingSourceObject: {fileID: 0}
  m_PrefabInstance: {fileID: 0}
  m_PrefabAsset: {fileID: 0}
  m_GameObject: {fileID: 7462812992716834818}
  m_Material: {fileID: 0}
  m_IsTrigger: 0
  m_Enabled: 1
  serializedVersion: 2
  m_Size: {x: 1, y: 50, z: 1}
  m_Center: {x: 0, y: 18.08, z: 0}
--- !u!1 &7824148785500487409
GameObject:
  m_ObjectHideFlags: 0
  m_CorrespondingSourceObject: {fileID: 0}
  m_PrefabInstance: {fileID: 0}
  m_PrefabAsset: {fileID: 0}
  serializedVersion: 6
  m_Component:
  - component: {fileID: 1733775506380327647}
  - component: {fileID: 5864722858242288246}
  - component: {fileID: 798094405043569005}
  - component: {fileID: 5297384133829620497}
  m_Layer: 0
  m_Name: Cube (1)
  m_TagString: Untagged
  m_Icon: {fileID: 0}
  m_NavMeshLayer: 0
  m_StaticEditorFlags: 0
  m_IsActive: 1
--- !u!4 &1733775506380327647
Transform:
  m_ObjectHideFlags: 0
  m_CorrespondingSourceObject: {fileID: 0}
  m_PrefabInstance: {fileID: 0}
  m_PrefabAsset: {fileID: 0}
  m_GameObject: {fileID: 7824148785500487409}
  m_LocalRotation: {x: -0, y: -0, z: -0, w: 1}
  m_LocalPosition: {x: 0, y: 0, z: -3.01}
  m_LocalScale: {x: 10, y: 0.1, z: 4}
  m_Children: []
  m_Father: {fileID: 7341514312612791984}
  m_RootOrder: 1
  m_LocalEulerAnglesHint: {x: 0, y: 0, z: 0}
--- !u!33 &5864722858242288246
MeshFilter:
  m_ObjectHideFlags: 0
  m_CorrespondingSourceObject: {fileID: 0}
  m_PrefabInstance: {fileID: 0}
  m_PrefabAsset: {fileID: 0}
  m_GameObject: {fileID: 7824148785500487409}
  m_Mesh: {fileID: 10202, guid: 0000000000000000e000000000000000, type: 0}
--- !u!23 &798094405043569005
MeshRenderer:
  m_ObjectHideFlags: 0
  m_CorrespondingSourceObject: {fileID: 0}
  m_PrefabInstance: {fileID: 0}
  m_PrefabAsset: {fileID: 0}
  m_GameObject: {fileID: 7824148785500487409}
  m_Enabled: 1
  m_CastShadows: 1
  m_ReceiveShadows: 1
  m_DynamicOccludee: 1
  m_MotionVectors: 1
  m_LightProbeUsage: 1
  m_ReflectionProbeUsage: 1
  m_RayTracingMode: 2
  m_RenderingLayerMask: 1
  m_RendererPriority: 0
  m_Materials:
  - {fileID: 2100000, guid: 7be1b98faf9348c4ca909d27901be725, type: 2}
  m_StaticBatchInfo:
    firstSubMesh: 0
    subMeshCount: 0
  m_StaticBatchRoot: {fileID: 0}
  m_ProbeAnchor: {fileID: 0}
  m_LightProbeVolumeOverride: {fileID: 0}
  m_ScaleInLightmap: 1
  m_ReceiveGI: 1
  m_PreserveUVs: 0
  m_IgnoreNormalsForChartDetection: 0
  m_ImportantGI: 0
  m_StitchLightmapSeams: 1
  m_SelectedEditorRenderState: 3
  m_MinimumChartSize: 4
  m_AutoUVMaxDistance: 0.5
  m_AutoUVMaxAngle: 89
  m_LightmapParameters: {fileID: 0}
  m_SortingLayerID: 0
  m_SortingLayer: 0
  m_SortingOrder: 0
--- !u!65 &5297384133829620497
BoxCollider:
  m_ObjectHideFlags: 0
  m_CorrespondingSourceObject: {fileID: 0}
  m_PrefabInstance: {fileID: 0}
  m_PrefabAsset: {fileID: 0}
  m_GameObject: {fileID: 7824148785500487409}
  m_Material: {fileID: 0}
  m_IsTrigger: 0
  m_Enabled: 1
  serializedVersion: 2
  m_Size: {x: 1, y: 50, z: 1}
  m_Center: {x: 0, y: 18.08, z: 0}
--- !u!1 &8190156562546780539
GameObject:
  m_ObjectHideFlags: 0
  m_CorrespondingSourceObject: {fileID: 0}
  m_PrefabInstance: {fileID: 0}
  m_PrefabAsset: {fileID: 0}
  serializedVersion: 6
  m_Component:
  - component: {fileID: 220515673285934960}
  - component: {fileID: 2184134267968490632}
  - component: {fileID: 620580319664698975}
  - component: {fileID: 2796497395179196045}
  m_Layer: 0
  m_Name: Plane
  m_TagString: Untagged
  m_Icon: {fileID: 0}
  m_NavMeshLayer: 0
  m_StaticEditorFlags: 0
  m_IsActive: 1
--- !u!4 &220515673285934960
Transform:
  m_ObjectHideFlags: 0
  m_CorrespondingSourceObject: {fileID: 0}
  m_PrefabInstance: {fileID: 0}
  m_PrefabAsset: {fileID: 0}
  m_GameObject: {fileID: 8190156562546780539}
  m_LocalRotation: {x: 0, y: 0, z: 0, w: 1}
  m_LocalPosition: {x: 0, y: -0.01, z: 10}
  m_LocalScale: {x: 1, y: 1, z: 1}
  m_Children: []
  m_Father: {fileID: 7341514312612791984}
  m_RootOrder: 2
  m_LocalEulerAnglesHint: {x: 0, y: 0, z: 0}
--- !u!33 &2184134267968490632
MeshFilter:
  m_ObjectHideFlags: 0
  m_CorrespondingSourceObject: {fileID: 0}
  m_PrefabInstance: {fileID: 0}
  m_PrefabAsset: {fileID: 0}
  m_GameObject: {fileID: 8190156562546780539}
  m_Mesh: {fileID: 10209, guid: 0000000000000000e000000000000000, type: 0}
--- !u!23 &620580319664698975
MeshRenderer:
  m_ObjectHideFlags: 0
  m_CorrespondingSourceObject: {fileID: 0}
  m_PrefabInstance: {fileID: 0}
  m_PrefabAsset: {fileID: 0}
  m_GameObject: {fileID: 8190156562546780539}
  m_Enabled: 1
  m_CastShadows: 1
  m_ReceiveShadows: 1
  m_DynamicOccludee: 1
  m_MotionVectors: 1
  m_LightProbeUsage: 1
  m_ReflectionProbeUsage: 1
  m_RayTracingMode: 2
  m_RenderingLayerMask: 1
  m_RendererPriority: 0
  m_Materials:
  - {fileID: 2100000, guid: 16176c138e4da4678ad7e9a9dd39429d, type: 2}
  m_StaticBatchInfo:
    firstSubMesh: 0
    subMeshCount: 0
  m_StaticBatchRoot: {fileID: 0}
  m_ProbeAnchor: {fileID: 0}
  m_LightProbeVolumeOverride: {fileID: 0}
  m_ScaleInLightmap: 1
  m_ReceiveGI: 1
  m_PreserveUVs: 0
  m_IgnoreNormalsForChartDetection: 0
  m_ImportantGI: 0
  m_StitchLightmapSeams: 1
  m_SelectedEditorRenderState: 3
  m_MinimumChartSize: 4
  m_AutoUVMaxDistance: 0.5
  m_AutoUVMaxAngle: 89
  m_LightmapParameters: {fileID: 0}
  m_SortingLayerID: 0
  m_SortingLayer: 0
  m_SortingOrder: 0
--- !u!64 &2796497395179196045
MeshCollider:
  m_ObjectHideFlags: 0
  m_CorrespondingSourceObject: {fileID: 0}
  m_PrefabInstance: {fileID: 0}
  m_PrefabAsset: {fileID: 0}
  m_GameObject: {fileID: 8190156562546780539}
  m_Material: {fileID: 0}
  m_IsTrigger: 0
  m_Enabled: 1
  serializedVersion: 4
  m_Convex: 0
  m_CookingOptions: 30
  m_Mesh: {fileID: 10209, guid: 0000000000000000e000000000000000, type: 0}
--- !u!1001 &40166580317414016
PrefabInstance:
  m_ObjectHideFlags: 0
  serializedVersion: 2
  m_Modification:
    m_TransformParent: {fileID: 7341514312612791984}
    m_Modifications:
    - target: {fileID: 1991322978864050, guid: c9bb692f8b5490743a59d75a7995b81c, type: 3}
      propertyPath: m_Name
      value: SNature_LiliPad (2)
      objectReference: {fileID: 0}
    - target: {fileID: 4056631433067114, guid: c9bb692f8b5490743a59d75a7995b81c, type: 3}
      propertyPath: m_RootOrder
      value: 20
      objectReference: {fileID: 0}
    - target: {fileID: 4056631433067114, guid: c9bb692f8b5490743a59d75a7995b81c, type: 3}
      propertyPath: m_LocalScale.z
      value: 0.2
      objectReference: {fileID: 0}
    - target: {fileID: 4056631433067114, guid: c9bb692f8b5490743a59d75a7995b81c, type: 3}
      propertyPath: m_LocalPosition.x
      value: 1.22
      objectReference: {fileID: 0}
    - target: {fileID: 4056631433067114, guid: c9bb692f8b5490743a59d75a7995b81c, type: 3}
      propertyPath: m_LocalPosition.y
      value: 0.21
      objectReference: {fileID: 0}
    - target: {fileID: 4056631433067114, guid: c9bb692f8b5490743a59d75a7995b81c, type: 3}
      propertyPath: m_LocalPosition.z
      value: 3.42
      objectReference: {fileID: 0}
    - target: {fileID: 4056631433067114, guid: c9bb692f8b5490743a59d75a7995b81c, type: 3}
      propertyPath: m_LocalRotation.w
      value: 1
      objectReference: {fileID: 0}
    - target: {fileID: 4056631433067114, guid: c9bb692f8b5490743a59d75a7995b81c, type: 3}
      propertyPath: m_LocalRotation.x
      value: -0
      objectReference: {fileID: 0}
    - target: {fileID: 4056631433067114, guid: c9bb692f8b5490743a59d75a7995b81c, type: 3}
      propertyPath: m_LocalRotation.y
      value: -0
      objectReference: {fileID: 0}
    - target: {fileID: 4056631433067114, guid: c9bb692f8b5490743a59d75a7995b81c, type: 3}
      propertyPath: m_LocalRotation.z
      value: -0
      objectReference: {fileID: 0}
    - target: {fileID: 4056631433067114, guid: c9bb692f8b5490743a59d75a7995b81c, type: 3}
      propertyPath: m_LocalEulerAnglesHint.x
      value: 0
      objectReference: {fileID: 0}
    - target: {fileID: 4056631433067114, guid: c9bb692f8b5490743a59d75a7995b81c, type: 3}
      propertyPath: m_LocalEulerAnglesHint.y
      value: 0
      objectReference: {fileID: 0}
    - target: {fileID: 4056631433067114, guid: c9bb692f8b5490743a59d75a7995b81c, type: 3}
      propertyPath: m_LocalEulerAnglesHint.z
      value: 0
      objectReference: {fileID: 0}
    m_RemovedComponents: []
  m_SourcePrefab: {fileID: 100100000, guid: c9bb692f8b5490743a59d75a7995b81c, type: 3}
--- !u!4 &36268725235882218 stripped
Transform:
  m_CorrespondingSourceObject: {fileID: 4056631433067114, guid: c9bb692f8b5490743a59d75a7995b81c,
    type: 3}
  m_PrefabInstance: {fileID: 40166580317414016}
  m_PrefabAsset: {fileID: 0}
--- !u!1001 &120630328453793290
PrefabInstance:
  m_ObjectHideFlags: 0
  serializedVersion: 2
  m_Modification:
    m_TransformParent: {fileID: 7341514312612791984}
    m_Modifications:
    - target: {fileID: 1759532570031444, guid: 02defc480a8cb6149bac21f1e89e943d, type: 3}
      propertyPath: m_Name
      value: SNature_WaterSkipper
      objectReference: {fileID: 0}
    - target: {fileID: 4097894943818658, guid: 02defc480a8cb6149bac21f1e89e943d, type: 3}
      propertyPath: m_RootOrder
      value: 25
      objectReference: {fileID: 0}
    - target: {fileID: 4097894943818658, guid: 02defc480a8cb6149bac21f1e89e943d, type: 3}
      propertyPath: m_LocalScale.z
      value: 0.2
      objectReference: {fileID: 0}
    - target: {fileID: 4097894943818658, guid: 02defc480a8cb6149bac21f1e89e943d, type: 3}
      propertyPath: m_LocalPosition.x
      value: -0.80215645
      objectReference: {fileID: 0}
    - target: {fileID: 4097894943818658, guid: 02defc480a8cb6149bac21f1e89e943d, type: 3}
      propertyPath: m_LocalPosition.y
      value: 0.35
      objectReference: {fileID: 0}
    - target: {fileID: 4097894943818658, guid: 02defc480a8cb6149bac21f1e89e943d, type: 3}
      propertyPath: m_LocalPosition.z
      value: 2.578
      objectReference: {fileID: 0}
    - target: {fileID: 4097894943818658, guid: 02defc480a8cb6149bac21f1e89e943d, type: 3}
      propertyPath: m_LocalRotation.w
      value: 1
      objectReference: {fileID: 0}
    - target: {fileID: 4097894943818658, guid: 02defc480a8cb6149bac21f1e89e943d, type: 3}
      propertyPath: m_LocalRotation.x
      value: -0
      objectReference: {fileID: 0}
    - target: {fileID: 4097894943818658, guid: 02defc480a8cb6149bac21f1e89e943d, type: 3}
      propertyPath: m_LocalRotation.y
      value: -0
      objectReference: {fileID: 0}
    - target: {fileID: 4097894943818658, guid: 02defc480a8cb6149bac21f1e89e943d, type: 3}
      propertyPath: m_LocalRotation.z
      value: -0
      objectReference: {fileID: 0}
    - target: {fileID: 4097894943818658, guid: 02defc480a8cb6149bac21f1e89e943d, type: 3}
      propertyPath: m_LocalEulerAnglesHint.x
      value: 0
      objectReference: {fileID: 0}
    - target: {fileID: 4097894943818658, guid: 02defc480a8cb6149bac21f1e89e943d, type: 3}
      propertyPath: m_LocalEulerAnglesHint.y
      value: 0
      objectReference: {fileID: 0}
    - target: {fileID: 4097894943818658, guid: 02defc480a8cb6149bac21f1e89e943d, type: 3}
      propertyPath: m_LocalEulerAnglesHint.z
      value: 0
      objectReference: {fileID: 0}
    m_RemovedComponents: []
  m_SourcePrefab: {fileID: 100100000, guid: 02defc480a8cb6149bac21f1e89e943d, type: 3}
--- !u!4 &117691340251497896 stripped
Transform:
  m_CorrespondingSourceObject: {fileID: 4097894943818658, guid: 02defc480a8cb6149bac21f1e89e943d,
    type: 3}
  m_PrefabInstance: {fileID: 120630328453793290}
  m_PrefabAsset: {fileID: 0}
--- !u!1001 &824271899087412897
PrefabInstance:
  m_ObjectHideFlags: 0
  serializedVersion: 2
  m_Modification:
    m_TransformParent: {fileID: 7341514312612791984}
    m_Modifications:
    - target: {fileID: 1074482753184668, guid: e86571f2f1251004b98a744302eca0b1, type: 3}
      propertyPath: m_Name
      value: SNature_Rock1
      objectReference: {fileID: 0}
    - target: {fileID: 4741473621726338, guid: e86571f2f1251004b98a744302eca0b1, type: 3}
      propertyPath: m_RootOrder
      value: 21
      objectReference: {fileID: 0}
    - target: {fileID: 4741473621726338, guid: e86571f2f1251004b98a744302eca0b1, type: 3}
      propertyPath: m_LocalScale.z
      value: 0.2
      objectReference: {fileID: 0}
    - target: {fileID: 4741473621726338, guid: e86571f2f1251004b98a744302eca0b1, type: 3}
      propertyPath: m_LocalPosition.x
      value: 3.5
      objectReference: {fileID: 0}
    - target: {fileID: 4741473621726338, guid: e86571f2f1251004b98a744302eca0b1, type: 3}
      propertyPath: m_LocalPosition.y
      value: -0.01
      objectReference: {fileID: 0}
    - target: {fileID: 4741473621726338, guid: e86571f2f1251004b98a744302eca0b1, type: 3}
      propertyPath: m_LocalPosition.z
      value: 2.252
      objectReference: {fileID: 0}
    - target: {fileID: 4741473621726338, guid: e86571f2f1251004b98a744302eca0b1, type: 3}
      propertyPath: m_LocalRotation.w
      value: 1
      objectReference: {fileID: 0}
    - target: {fileID: 4741473621726338, guid: e86571f2f1251004b98a744302eca0b1, type: 3}
      propertyPath: m_LocalRotation.x
      value: -0
      objectReference: {fileID: 0}
    - target: {fileID: 4741473621726338, guid: e86571f2f1251004b98a744302eca0b1, type: 3}
      propertyPath: m_LocalRotation.y
      value: -0
      objectReference: {fileID: 0}
    - target: {fileID: 4741473621726338, guid: e86571f2f1251004b98a744302eca0b1, type: 3}
      propertyPath: m_LocalRotation.z
      value: -0
      objectReference: {fileID: 0}
    - target: {fileID: 4741473621726338, guid: e86571f2f1251004b98a744302eca0b1, type: 3}
      propertyPath: m_LocalEulerAnglesHint.x
      value: 0
      objectReference: {fileID: 0}
    - target: {fileID: 4741473621726338, guid: e86571f2f1251004b98a744302eca0b1, type: 3}
      propertyPath: m_LocalEulerAnglesHint.y
      value: 0
      objectReference: {fileID: 0}
    - target: {fileID: 4741473621726338, guid: e86571f2f1251004b98a744302eca0b1, type: 3}
      propertyPath: m_LocalEulerAnglesHint.z
      value: 0
      objectReference: {fileID: 0}
    m_RemovedComponents: []
  m_SourcePrefab: {fileID: 100100000, guid: e86571f2f1251004b98a744302eca0b1, type: 3}
--- !u!4 &819864814994999843 stripped
Transform:
  m_CorrespondingSourceObject: {fileID: 4741473621726338, guid: e86571f2f1251004b98a744302eca0b1,
    type: 3}
  m_PrefabInstance: {fileID: 824271899087412897}
  m_PrefabAsset: {fileID: 0}
--- !u!1001 &878731504626426564
PrefabInstance:
  m_ObjectHideFlags: 0
  serializedVersion: 2
  m_Modification:
    m_TransformParent: {fileID: 7341514312612791984}
    m_Modifications:
    - target: {fileID: 1991322978864050, guid: c9bb692f8b5490743a59d75a7995b81c, type: 3}
      propertyPath: m_Name
      value: SNature_LiliPad
      objectReference: {fileID: 0}
    - target: {fileID: 4056631433067114, guid: c9bb692f8b5490743a59d75a7995b81c, type: 3}
      propertyPath: m_RootOrder
      value: 18
      objectReference: {fileID: 0}
    - target: {fileID: 4056631433067114, guid: c9bb692f8b5490743a59d75a7995b81c, type: 3}
      propertyPath: m_LocalScale.z
      value: 0.2
      objectReference: {fileID: 0}
    - target: {fileID: 4056631433067114, guid: c9bb692f8b5490743a59d75a7995b81c, type: 3}
      propertyPath: m_LocalPosition.x
      value: -0.80215645
      objectReference: {fileID: 0}
    - target: {fileID: 4056631433067114, guid: c9bb692f8b5490743a59d75a7995b81c, type: 3}
      propertyPath: m_LocalPosition.y
      value: 0.35
      objectReference: {fileID: 0}
    - target: {fileID: 4056631433067114, guid: c9bb692f8b5490743a59d75a7995b81c, type: 3}
      propertyPath: m_LocalPosition.z
      value: 1.5611191
      objectReference: {fileID: 0}
    - target: {fileID: 4056631433067114, guid: c9bb692f8b5490743a59d75a7995b81c, type: 3}
      propertyPath: m_LocalRotation.w
      value: 1
      objectReference: {fileID: 0}
    - target: {fileID: 4056631433067114, guid: c9bb692f8b5490743a59d75a7995b81c, type: 3}
      propertyPath: m_LocalRotation.x
      value: -0
      objectReference: {fileID: 0}
    - target: {fileID: 4056631433067114, guid: c9bb692f8b5490743a59d75a7995b81c, type: 3}
      propertyPath: m_LocalRotation.y
      value: -0
      objectReference: {fileID: 0}
    - target: {fileID: 4056631433067114, guid: c9bb692f8b5490743a59d75a7995b81c, type: 3}
      propertyPath: m_LocalRotation.z
      value: -0
      objectReference: {fileID: 0}
    - target: {fileID: 4056631433067114, guid: c9bb692f8b5490743a59d75a7995b81c, type: 3}
      propertyPath: m_LocalEulerAnglesHint.x
      value: 0
      objectReference: {fileID: 0}
    - target: {fileID: 4056631433067114, guid: c9bb692f8b5490743a59d75a7995b81c, type: 3}
      propertyPath: m_LocalEulerAnglesHint.y
      value: 0
      objectReference: {fileID: 0}
    - target: {fileID: 4056631433067114, guid: c9bb692f8b5490743a59d75a7995b81c, type: 3}
      propertyPath: m_LocalEulerAnglesHint.z
      value: 0
      objectReference: {fileID: 0}
    m_RemovedComponents: []
  m_SourcePrefab: {fileID: 100100000, guid: c9bb692f8b5490743a59d75a7995b81c, type: 3}
--- !u!4 &882574520961898670 stripped
Transform:
  m_CorrespondingSourceObject: {fileID: 4056631433067114, guid: c9bb692f8b5490743a59d75a7995b81c,
    type: 3}
  m_PrefabInstance: {fileID: 878731504626426564}
  m_PrefabAsset: {fileID: 0}
--- !u!1001 &1742001952904833684
PrefabInstance:
  m_ObjectHideFlags: 0
  serializedVersion: 2
  m_Modification:
    m_TransformParent: {fileID: 7341514312612791984}
    m_Modifications:
    - target: {fileID: 138344, guid: 8a7cf5ac7b4145441a3dca86f869b09e, type: 3}
      propertyPath: m_Name
      value: Tree Type0 04
      objectReference: {fileID: 0}
    - target: {fileID: 448686, guid: 8a7cf5ac7b4145441a3dca86f869b09e, type: 3}
      propertyPath: m_RootOrder
      value: 6
      objectReference: {fileID: 0}
    - target: {fileID: 448686, guid: 8a7cf5ac7b4145441a3dca86f869b09e, type: 3}
      propertyPath: m_LocalScale.x
      value: 0.85
      objectReference: {fileID: 0}
    - target: {fileID: 448686, guid: 8a7cf5ac7b4145441a3dca86f869b09e, type: 3}
      propertyPath: m_LocalScale.y
      value: 0.6
      objectReference: {fileID: 0}
    - target: {fileID: 448686, guid: 8a7cf5ac7b4145441a3dca86f869b09e, type: 3}
      propertyPath: m_LocalScale.z
      value: 0.22
      objectReference: {fileID: 0}
    - target: {fileID: 448686, guid: 8a7cf5ac7b4145441a3dca86f869b09e, type: 3}
      propertyPath: m_LocalPosition.x
      value: -1.5767536
      objectReference: {fileID: 0}
    - target: {fileID: 448686, guid: 8a7cf5ac7b4145441a3dca86f869b09e, type: 3}
      propertyPath: m_LocalPosition.y
      value: -0.2473815
      objectReference: {fileID: 0}
    - target: {fileID: 448686, guid: 8a7cf5ac7b4145441a3dca86f869b09e, type: 3}
      propertyPath: m_LocalPosition.z
      value: -5.13
      objectReference: {fileID: 0}
    - target: {fileID: 448686, guid: 8a7cf5ac7b4145441a3dca86f869b09e, type: 3}
      propertyPath: m_LocalRotation.w
      value: 1
      objectReference: {fileID: 0}
    - target: {fileID: 448686, guid: 8a7cf5ac7b4145441a3dca86f869b09e, type: 3}
      propertyPath: m_LocalRotation.x
      value: 0.0000000218557
      objectReference: {fileID: 0}
    - target: {fileID: 448686, guid: 8a7cf5ac7b4145441a3dca86f869b09e, type: 3}
      propertyPath: m_LocalRotation.y
      value: -0
      objectReference: {fileID: 0}
    - target: {fileID: 448686, guid: 8a7cf5ac7b4145441a3dca86f869b09e, type: 3}
      propertyPath: m_LocalRotation.z
      value: -0
      objectReference: {fileID: 0}
    - target: {fileID: 448686, guid: 8a7cf5ac7b4145441a3dca86f869b09e, type: 3}
      propertyPath: m_LocalEulerAnglesHint.x
      value: 0
      objectReference: {fileID: 0}
    - target: {fileID: 448686, guid: 8a7cf5ac7b4145441a3dca86f869b09e, type: 3}
      propertyPath: m_LocalEulerAnglesHint.y
      value: 0
      objectReference: {fileID: 0}
    - target: {fileID: 448686, guid: 8a7cf5ac7b4145441a3dca86f869b09e, type: 3}
      propertyPath: m_LocalEulerAnglesHint.z
      value: 0
      objectReference: {fileID: 0}
    m_RemovedComponents: []
  m_SourcePrefab: {fileID: 100100000, guid: 8a7cf5ac7b4145441a3dca86f869b09e, type: 3}
--- !u!4 &1742001952904655418 stripped
Transform:
  m_CorrespondingSourceObject: {fileID: 448686, guid: 8a7cf5ac7b4145441a3dca86f869b09e,
    type: 3}
  m_PrefabInstance: {fileID: 1742001952904833684}
  m_PrefabAsset: {fileID: 0}
--- !u!1001 &2041110765339245983
PrefabInstance:
  m_ObjectHideFlags: 0
  serializedVersion: 2
  m_Modification:
    m_TransformParent: {fileID: 7341514312612791984}
    m_Modifications:
    - target: {fileID: 160606, guid: 5c3cbac9d5eae3844a928d36e6dbd1a6, type: 3}
      propertyPath: m_Name
      value: Tree Type0 02
      objectReference: {fileID: 0}
    - target: {fileID: 498466, guid: 5c3cbac9d5eae3844a928d36e6dbd1a6, type: 3}
      propertyPath: m_RootOrder
      value: 4
      objectReference: {fileID: 0}
    - target: {fileID: 498466, guid: 5c3cbac9d5eae3844a928d36e6dbd1a6, type: 3}
      propertyPath: m_LocalScale.x
      value: 2.35
      objectReference: {fileID: 0}
    - target: {fileID: 498466, guid: 5c3cbac9d5eae3844a928d36e6dbd1a6, type: 3}
      propertyPath: m_LocalScale.y
      value: 1.63
      objectReference: {fileID: 0}
    - target: {fileID: 498466, guid: 5c3cbac9d5eae3844a928d36e6dbd1a6, type: 3}
      propertyPath: m_LocalScale.z
      value: 0.77
      objectReference: {fileID: 0}
    - target: {fileID: 498466, guid: 5c3cbac9d5eae3844a928d36e6dbd1a6, type: 3}
      propertyPath: m_LocalPosition.x
      value: 3.2432938
      objectReference: {fileID: 0}
    - target: {fileID: 498466, guid: 5c3cbac9d5eae3844a928d36e6dbd1a6, type: 3}
      propertyPath: m_LocalPosition.y
      value: -0.29884204
      objectReference: {fileID: 0}
    - target: {fileID: 498466, guid: 5c3cbac9d5eae3844a928d36e6dbd1a6, type: 3}
      propertyPath: m_LocalPosition.z
      value: -9.158531
      objectReference: {fileID: 0}
    - target: {fileID: 498466, guid: 5c3cbac9d5eae3844a928d36e6dbd1a6, type: 3}
      propertyPath: m_LocalRotation.w
      value: 1
      objectReference: {fileID: 0}
    - target: {fileID: 498466, guid: 5c3cbac9d5eae3844a928d36e6dbd1a6, type: 3}
      propertyPath: m_LocalRotation.x
      value: 0.0000000218557
      objectReference: {fileID: 0}
    - target: {fileID: 498466, guid: 5c3cbac9d5eae3844a928d36e6dbd1a6, type: 3}
      propertyPath: m_LocalRotation.y
      value: -0
      objectReference: {fileID: 0}
    - target: {fileID: 498466, guid: 5c3cbac9d5eae3844a928d36e6dbd1a6, type: 3}
      propertyPath: m_LocalRotation.z
      value: -0
      objectReference: {fileID: 0}
    - target: {fileID: 498466, guid: 5c3cbac9d5eae3844a928d36e6dbd1a6, type: 3}
      propertyPath: m_LocalEulerAnglesHint.x
      value: 0
      objectReference: {fileID: 0}
    - target: {fileID: 498466, guid: 5c3cbac9d5eae3844a928d36e6dbd1a6, type: 3}
      propertyPath: m_LocalEulerAnglesHint.y
      value: 0
      objectReference: {fileID: 0}
    - target: {fileID: 498466, guid: 5c3cbac9d5eae3844a928d36e6dbd1a6, type: 3}
      propertyPath: m_LocalEulerAnglesHint.z
      value: 0
      objectReference: {fileID: 0}
    m_RemovedComponents: []
  m_SourcePrefab: {fileID: 100100000, guid: 5c3cbac9d5eae3844a928d36e6dbd1a6, type: 3}
--- !u!4 &2041110765339076285 stripped
Transform:
  m_CorrespondingSourceObject: {fileID: 498466, guid: 5c3cbac9d5eae3844a928d36e6dbd1a6,
    type: 3}
  m_PrefabInstance: {fileID: 2041110765339245983}
  m_PrefabAsset: {fileID: 0}
--- !u!1001 &2733261080437717562
PrefabInstance:
  m_ObjectHideFlags: 0
  serializedVersion: 2
  m_Modification:
    m_TransformParent: {fileID: 7341514312612791984}
    m_Modifications:
    - target: {fileID: 138344, guid: 8a7cf5ac7b4145441a3dca86f869b09e, type: 3}
      propertyPath: m_Name
      value: Tree Type0 04 (3)
      objectReference: {fileID: 0}
    - target: {fileID: 448686, guid: 8a7cf5ac7b4145441a3dca86f869b09e, type: 3}
      propertyPath: m_RootOrder
      value: 9
      objectReference: {fileID: 0}
    - target: {fileID: 448686, guid: 8a7cf5ac7b4145441a3dca86f869b09e, type: 3}
      propertyPath: m_LocalScale.x
      value: -0.85
      objectReference: {fileID: 0}
    - target: {fileID: 448686, guid: 8a7cf5ac7b4145441a3dca86f869b09e, type: 3}
      propertyPath: m_LocalScale.y
      value: 0.6
      objectReference: {fileID: 0}
    - target: {fileID: 448686, guid: 8a7cf5ac7b4145441a3dca86f869b09e, type: 3}
      propertyPath: m_LocalScale.z
      value: 0.22
      objectReference: {fileID: 0}
    - target: {fileID: 448686, guid: 8a7cf5ac7b4145441a3dca86f869b09e, type: 3}
      propertyPath: m_LocalPosition.x
      value: 2.46
      objectReference: {fileID: 0}
    - target: {fileID: 448686, guid: 8a7cf5ac7b4145441a3dca86f869b09e, type: 3}
      propertyPath: m_LocalPosition.y
      value: -0.2473815
      objectReference: {fileID: 0}
    - target: {fileID: 448686, guid: 8a7cf5ac7b4145441a3dca86f869b09e, type: 3}
      propertyPath: m_LocalPosition.z
      value: -5.77
      objectReference: {fileID: 0}
    - target: {fileID: 448686, guid: 8a7cf5ac7b4145441a3dca86f869b09e, type: 3}
      propertyPath: m_LocalRotation.w
      value: 1
      objectReference: {fileID: 0}
    - target: {fileID: 448686, guid: 8a7cf5ac7b4145441a3dca86f869b09e, type: 3}
      propertyPath: m_LocalRotation.x
      value: 0.0000000218557
      objectReference: {fileID: 0}
    - target: {fileID: 448686, guid: 8a7cf5ac7b4145441a3dca86f869b09e, type: 3}
      propertyPath: m_LocalRotation.y
      value: -0
      objectReference: {fileID: 0}
    - target: {fileID: 448686, guid: 8a7cf5ac7b4145441a3dca86f869b09e, type: 3}
      propertyPath: m_LocalRotation.z
      value: -0
      objectReference: {fileID: 0}
    - target: {fileID: 448686, guid: 8a7cf5ac7b4145441a3dca86f869b09e, type: 3}
      propertyPath: m_LocalEulerAnglesHint.x
      value: 0
      objectReference: {fileID: 0}
    - target: {fileID: 448686, guid: 8a7cf5ac7b4145441a3dca86f869b09e, type: 3}
      propertyPath: m_LocalEulerAnglesHint.y
      value: 0
      objectReference: {fileID: 0}
    - target: {fileID: 448686, guid: 8a7cf5ac7b4145441a3dca86f869b09e, type: 3}
      propertyPath: m_LocalEulerAnglesHint.z
      value: 0
      objectReference: {fileID: 0}
    m_RemovedComponents: []
  m_SourcePrefab: {fileID: 100100000, guid: 8a7cf5ac7b4145441a3dca86f869b09e, type: 3}
--- !u!4 &2733261080437793428 stripped
Transform:
  m_CorrespondingSourceObject: {fileID: 448686, guid: 8a7cf5ac7b4145441a3dca86f869b09e,
    type: 3}
  m_PrefabInstance: {fileID: 2733261080437717562}
  m_PrefabAsset: {fileID: 0}
--- !u!1001 &3118640195478236773
PrefabInstance:
  m_ObjectHideFlags: 0
  serializedVersion: 2
  m_Modification:
    m_TransformParent: {fileID: 7341514312612791984}
    m_Modifications:
    - target: {fileID: 117604, guid: 9469bb1d3aa88ca40aa4079e96a27f8e, type: 3}
      propertyPath: m_Name
      value: Tree Type0 05
      objectReference: {fileID: 0}
    - target: {fileID: 459958, guid: 9469bb1d3aa88ca40aa4079e96a27f8e, type: 3}
      propertyPath: m_RootOrder
      value: 10
      objectReference: {fileID: 0}
    - target: {fileID: 459958, guid: 9469bb1d3aa88ca40aa4079e96a27f8e, type: 3}
      propertyPath: m_LocalScale.x
      value: 1.9667
      objectReference: {fileID: 0}
    - target: {fileID: 459958, guid: 9469bb1d3aa88ca40aa4079e96a27f8e, type: 3}
      propertyPath: m_LocalScale.y
      value: 2.6864
      objectReference: {fileID: 0}
    - target: {fileID: 459958, guid: 9469bb1d3aa88ca40aa4079e96a27f8e, type: 3}
      propertyPath: m_LocalScale.z
      value: 0.507
      objectReference: {fileID: 0}
    - target: {fileID: 459958, guid: 9469bb1d3aa88ca40aa4079e96a27f8e, type: 3}
      propertyPath: m_LocalPosition.x
      value: 0.16
      objectReference: {fileID: 0}
    - target: {fileID: 459958, guid: 9469bb1d3aa88ca40aa4079e96a27f8e, type: 3}
      propertyPath: m_LocalPosition.y
      value: 2.19
      objectReference: {fileID: 0}
    - target: {fileID: 459958, guid: 9469bb1d3aa88ca40aa4079e96a27f8e, type: 3}
      propertyPath: m_LocalPosition.z
      value: -6.02
      objectReference: {fileID: 0}
    - target: {fileID: 459958, guid: 9469bb1d3aa88ca40aa4079e96a27f8e, type: 3}
      propertyPath: m_LocalRotation.w
      value: 1
      objectReference: {fileID: 0}
    - target: {fileID: 459958, guid: 9469bb1d3aa88ca40aa4079e96a27f8e, type: 3}
      propertyPath: m_LocalRotation.x
      value: 0.0000000218557
      objectReference: {fileID: 0}
    - target: {fileID: 459958, guid: 9469bb1d3aa88ca40aa4079e96a27f8e, type: 3}
      propertyPath: m_LocalRotation.y
      value: -0
      objectReference: {fileID: 0}
    - target: {fileID: 459958, guid: 9469bb1d3aa88ca40aa4079e96a27f8e, type: 3}
      propertyPath: m_LocalRotation.z
      value: -0
      objectReference: {fileID: 0}
    - target: {fileID: 459958, guid: 9469bb1d3aa88ca40aa4079e96a27f8e, type: 3}
      propertyPath: m_LocalEulerAnglesHint.x
      value: 0
      objectReference: {fileID: 0}
    - target: {fileID: 459958, guid: 9469bb1d3aa88ca40aa4079e96a27f8e, type: 3}
      propertyPath: m_LocalEulerAnglesHint.y
      value: 0
      objectReference: {fileID: 0}
    - target: {fileID: 459958, guid: 9469bb1d3aa88ca40aa4079e96a27f8e, type: 3}
      propertyPath: m_LocalEulerAnglesHint.z
      value: 0
      objectReference: {fileID: 0}
    m_RemovedComponents: []
  m_SourcePrefab: {fileID: 100100000, guid: 9469bb1d3aa88ca40aa4079e96a27f8e, type: 3}
--- !u!4 &3118640195478170323 stripped
Transform:
  m_CorrespondingSourceObject: {fileID: 459958, guid: 9469bb1d3aa88ca40aa4079e96a27f8e,
    type: 3}
  m_PrefabInstance: {fileID: 3118640195478236773}
  m_PrefabAsset: {fileID: 0}
--- !u!1001 &3124746229969100684
PrefabInstance:
  m_ObjectHideFlags: 0
  serializedVersion: 2
  m_Modification:
    m_TransformParent: {fileID: 7341514312612791984}
    m_Modifications:
    - target: {fileID: 1991322978864050, guid: c9bb692f8b5490743a59d75a7995b81c, type: 3}
      propertyPath: m_Name
      value: SNature_LiliPad (1)
      objectReference: {fileID: 0}
    - target: {fileID: 4056631433067114, guid: c9bb692f8b5490743a59d75a7995b81c, type: 3}
      propertyPath: m_RootOrder
      value: 19
      objectReference: {fileID: 0}
    - target: {fileID: 4056631433067114, guid: c9bb692f8b5490743a59d75a7995b81c, type: 3}
      propertyPath: m_LocalScale.z
      value: 0.2
      objectReference: {fileID: 0}
    - target: {fileID: 4056631433067114, guid: c9bb692f8b5490743a59d75a7995b81c, type: 3}
      propertyPath: m_LocalPosition.x
      value: 2.32
      objectReference: {fileID: 0}
    - target: {fileID: 4056631433067114, guid: c9bb692f8b5490743a59d75a7995b81c, type: 3}
      propertyPath: m_LocalPosition.y
      value: 0.21
      objectReference: {fileID: 0}
    - target: {fileID: 4056631433067114, guid: c9bb692f8b5490743a59d75a7995b81c, type: 3}
      propertyPath: m_LocalPosition.z
      value: -3.64
      objectReference: {fileID: 0}
    - target: {fileID: 4056631433067114, guid: c9bb692f8b5490743a59d75a7995b81c, type: 3}
      propertyPath: m_LocalRotation.w
      value: 1
      objectReference: {fileID: 0}
    - target: {fileID: 4056631433067114, guid: c9bb692f8b5490743a59d75a7995b81c, type: 3}
      propertyPath: m_LocalRotation.x
      value: -0
      objectReference: {fileID: 0}
    - target: {fileID: 4056631433067114, guid: c9bb692f8b5490743a59d75a7995b81c, type: 3}
      propertyPath: m_LocalRotation.y
      value: -0
      objectReference: {fileID: 0}
    - target: {fileID: 4056631433067114, guid: c9bb692f8b5490743a59d75a7995b81c, type: 3}
      propertyPath: m_LocalRotation.z
      value: -0
      objectReference: {fileID: 0}
    - target: {fileID: 4056631433067114, guid: c9bb692f8b5490743a59d75a7995b81c, type: 3}
      propertyPath: m_LocalEulerAnglesHint.x
      value: 0
      objectReference: {fileID: 0}
    - target: {fileID: 4056631433067114, guid: c9bb692f8b5490743a59d75a7995b81c, type: 3}
      propertyPath: m_LocalEulerAnglesHint.y
      value: 0
      objectReference: {fileID: 0}
    - target: {fileID: 4056631433067114, guid: c9bb692f8b5490743a59d75a7995b81c, type: 3}
      propertyPath: m_LocalEulerAnglesHint.z
      value: 0
      objectReference: {fileID: 0}
    m_RemovedComponents: []
  m_SourcePrefab: {fileID: 100100000, guid: c9bb692f8b5490743a59d75a7995b81c, type: 3}
--- !u!4 &3121906448704071142 stripped
Transform:
  m_CorrespondingSourceObject: {fileID: 4056631433067114, guid: c9bb692f8b5490743a59d75a7995b81c,
    type: 3}
  m_PrefabInstance: {fileID: 3124746229969100684}
  m_PrefabAsset: {fileID: 0}
--- !u!1001 &3209012740084693504
PrefabInstance:
  m_ObjectHideFlags: 0
  serializedVersion: 2
  m_Modification:
    m_TransformParent: {fileID: 7341514312612791984}
    m_Modifications:
    - target: {fileID: 138344, guid: 8a7cf5ac7b4145441a3dca86f869b09e, type: 3}
      propertyPath: m_Name
      value: Tree Type0 04 (6)
      objectReference: {fileID: 0}
    - target: {fileID: 448686, guid: 8a7cf5ac7b4145441a3dca86f869b09e, type: 3}
      propertyPath: m_RootOrder
      value: 15
      objectReference: {fileID: 0}
    - target: {fileID: 448686, guid: 8a7cf5ac7b4145441a3dca86f869b09e, type: 3}
      propertyPath: m_LocalScale.x
      value: -0.85
      objectReference: {fileID: 0}
    - target: {fileID: 448686, guid: 8a7cf5ac7b4145441a3dca86f869b09e, type: 3}
      propertyPath: m_LocalScale.y
      value: 0.6
      objectReference: {fileID: 0}
    - target: {fileID: 448686, guid: 8a7cf5ac7b4145441a3dca86f869b09e, type: 3}
      propertyPath: m_LocalScale.z
      value: 0.22
      objectReference: {fileID: 0}
    - target: {fileID: 448686, guid: 8a7cf5ac7b4145441a3dca86f869b09e, type: 3}
      propertyPath: m_LocalPosition.x
      value: 0.68392944
      objectReference: {fileID: 0}
    - target: {fileID: 448686, guid: 8a7cf5ac7b4145441a3dca86f869b09e, type: 3}
      propertyPath: m_LocalPosition.y
      value: -0.24738188
      objectReference: {fileID: 0}
    - target: {fileID: 448686, guid: 8a7cf5ac7b4145441a3dca86f869b09e, type: 3}
      propertyPath: m_LocalPosition.z
      value: 5.7953186
      objectReference: {fileID: 0}
    - target: {fileID: 448686, guid: 8a7cf5ac7b4145441a3dca86f869b09e, type: 3}
      propertyPath: m_LocalRotation.w
      value: 0.008213321
      objectReference: {fileID: 0}
    - target: {fileID: 448686, guid: 8a7cf5ac7b4145441a3dca86f869b09e, type: 3}
      propertyPath: m_LocalRotation.x
      value: 1.8507616e-10
      objectReference: {fileID: 0}
    - target: {fileID: 448686, guid: 8a7cf5ac7b4145441a3dca86f869b09e, type: 3}
      propertyPath: m_LocalRotation.y
      value: -0.9999663
      objectReference: {fileID: 0}
    - target: {fileID: 448686, guid: 8a7cf5ac7b4145441a3dca86f869b09e, type: 3}
      propertyPath: m_LocalRotation.z
      value: 0.000000022533193
      objectReference: {fileID: 0}
    - target: {fileID: 448686, guid: 8a7cf5ac7b4145441a3dca86f869b09e, type: 3}
      propertyPath: m_LocalEulerAnglesHint.x
      value: 0
      objectReference: {fileID: 0}
    - target: {fileID: 448686, guid: 8a7cf5ac7b4145441a3dca86f869b09e, type: 3}
      propertyPath: m_LocalEulerAnglesHint.y
      value: -179.059
      objectReference: {fileID: 0}
    - target: {fileID: 448686, guid: 8a7cf5ac7b4145441a3dca86f869b09e, type: 3}
      propertyPath: m_LocalEulerAnglesHint.z
      value: 0
      objectReference: {fileID: 0}
    m_RemovedComponents: []
  m_SourcePrefab: {fileID: 100100000, guid: 8a7cf5ac7b4145441a3dca86f869b09e, type: 3}
--- !u!4 &3209012740084834990 stripped
Transform:
  m_CorrespondingSourceObject: {fileID: 448686, guid: 8a7cf5ac7b4145441a3dca86f869b09e,
    type: 3}
  m_PrefabInstance: {fileID: 3209012740084693504}
  m_PrefabAsset: {fileID: 0}
--- !u!1001 &3749283676723526134
PrefabInstance:
  m_ObjectHideFlags: 0
  serializedVersion: 2
  m_Modification:
    m_TransformParent: {fileID: 7341514312612791984}
    m_Modifications:
    - target: {fileID: 138344, guid: 8a7cf5ac7b4145441a3dca86f869b09e, type: 3}
      propertyPath: m_Name
      value: Tree Type0 04 (1)
      objectReference: {fileID: 0}
    - target: {fileID: 448686, guid: 8a7cf5ac7b4145441a3dca86f869b09e, type: 3}
      propertyPath: m_RootOrder
      value: 7
      objectReference: {fileID: 0}
    - target: {fileID: 448686, guid: 8a7cf5ac7b4145441a3dca86f869b09e, type: 3}
      propertyPath: m_LocalScale.x
      value: 0.85
      objectReference: {fileID: 0}
    - target: {fileID: 448686, guid: 8a7cf5ac7b4145441a3dca86f869b09e, type: 3}
      propertyPath: m_LocalScale.y
      value: 0.6
      objectReference: {fileID: 0}
    - target: {fileID: 448686, guid: 8a7cf5ac7b4145441a3dca86f869b09e, type: 3}
      propertyPath: m_LocalScale.z
      value: 0.22
      objectReference: {fileID: 0}
    - target: {fileID: 448686, guid: 8a7cf5ac7b4145441a3dca86f869b09e, type: 3}
      propertyPath: m_LocalPosition.x
      value: 2.46
      objectReference: {fileID: 0}
    - target: {fileID: 448686, guid: 8a7cf5ac7b4145441a3dca86f869b09e, type: 3}
      propertyPath: m_LocalPosition.y
      value: -0.2473815
      objectReference: {fileID: 0}
    - target: {fileID: 448686, guid: 8a7cf5ac7b4145441a3dca86f869b09e, type: 3}
      propertyPath: m_LocalPosition.z
      value: -5.13
      objectReference: {fileID: 0}
    - target: {fileID: 448686, guid: 8a7cf5ac7b4145441a3dca86f869b09e, type: 3}
      propertyPath: m_LocalRotation.w
      value: 1
      objectReference: {fileID: 0}
    - target: {fileID: 448686, guid: 8a7cf5ac7b4145441a3dca86f869b09e, type: 3}
      propertyPath: m_LocalRotation.x
      value: 0.0000000218557
      objectReference: {fileID: 0}
    - target: {fileID: 448686, guid: 8a7cf5ac7b4145441a3dca86f869b09e, type: 3}
      propertyPath: m_LocalRotation.y
      value: -0
      objectReference: {fileID: 0}
    - target: {fileID: 448686, guid: 8a7cf5ac7b4145441a3dca86f869b09e, type: 3}
      propertyPath: m_LocalRotation.z
      value: -0
      objectReference: {fileID: 0}
    - target: {fileID: 448686, guid: 8a7cf5ac7b4145441a3dca86f869b09e, type: 3}
      propertyPath: m_LocalEulerAnglesHint.x
      value: 0
      objectReference: {fileID: 0}
    - target: {fileID: 448686, guid: 8a7cf5ac7b4145441a3dca86f869b09e, type: 3}
      propertyPath: m_LocalEulerAnglesHint.y
      value: 0
      objectReference: {fileID: 0}
    - target: {fileID: 448686, guid: 8a7cf5ac7b4145441a3dca86f869b09e, type: 3}
      propertyPath: m_LocalEulerAnglesHint.z
      value: 0
      objectReference: {fileID: 0}
    m_RemovedComponents: []
  m_SourcePrefab: {fileID: 100100000, guid: 8a7cf5ac7b4145441a3dca86f869b09e, type: 3}
--- !u!4 &3749283676723110232 stripped
Transform:
  m_CorrespondingSourceObject: {fileID: 448686, guid: 8a7cf5ac7b4145441a3dca86f869b09e,
    type: 3}
  m_PrefabInstance: {fileID: 3749283676723526134}
  m_PrefabAsset: {fileID: 0}
--- !u!1001 &4172450566798890430
PrefabInstance:
  m_ObjectHideFlags: 0
  serializedVersion: 2
  m_Modification:
    m_TransformParent: {fileID: 7341514312612791984}
    m_Modifications:
    - target: {fileID: 1809244605923138, guid: e896a7f6f83380b40972e13f5039022a, type: 3}
      propertyPath: m_Name
      value: SNature_LiliBlossom
      objectReference: {fileID: 0}
    - target: {fileID: 4934608945764068, guid: e896a7f6f83380b40972e13f5039022a, type: 3}
      propertyPath: m_RootOrder
      value: 23
      objectReference: {fileID: 0}
    - target: {fileID: 4934608945764068, guid: e896a7f6f83380b40972e13f5039022a, type: 3}
      propertyPath: m_LocalScale.z
      value: 0.2
      objectReference: {fileID: 0}
    - target: {fileID: 4934608945764068, guid: e896a7f6f83380b40972e13f5039022a, type: 3}
      propertyPath: m_LocalPosition.x
      value: -0.80215645
      objectReference: {fileID: 0}
    - target: {fileID: 4934608945764068, guid: e896a7f6f83380b40972e13f5039022a, type: 3}
      propertyPath: m_LocalPosition.y
      value: 0.35
      objectReference: {fileID: 0}
    - target: {fileID: 4934608945764068, guid: e896a7f6f83380b40972e13f5039022a, type: 3}
      propertyPath: m_LocalPosition.z
      value: 3.166
      objectReference: {fileID: 0}
    - target: {fileID: 4934608945764068, guid: e896a7f6f83380b40972e13f5039022a, type: 3}
      propertyPath: m_LocalRotation.w
      value: 1
      objectReference: {fileID: 0}
    - target: {fileID: 4934608945764068, guid: e896a7f6f83380b40972e13f5039022a, type: 3}
      propertyPath: m_LocalRotation.x
      value: -0
      objectReference: {fileID: 0}
    - target: {fileID: 4934608945764068, guid: e896a7f6f83380b40972e13f5039022a, type: 3}
      propertyPath: m_LocalRotation.y
      value: -0
      objectReference: {fileID: 0}
    - target: {fileID: 4934608945764068, guid: e896a7f6f83380b40972e13f5039022a, type: 3}
      propertyPath: m_LocalRotation.z
      value: -0
      objectReference: {fileID: 0}
    - target: {fileID: 4934608945764068, guid: e896a7f6f83380b40972e13f5039022a, type: 3}
      propertyPath: m_LocalEulerAnglesHint.x
      value: 0
      objectReference: {fileID: 0}
    - target: {fileID: 4934608945764068, guid: e896a7f6f83380b40972e13f5039022a, type: 3}
      propertyPath: m_LocalEulerAnglesHint.y
      value: 0
      objectReference: {fileID: 0}
    - target: {fileID: 4934608945764068, guid: e896a7f6f83380b40972e13f5039022a, type: 3}
      propertyPath: m_LocalEulerAnglesHint.z
      value: 0
      objectReference: {fileID: 0}
    m_RemovedComponents: []
  m_SourcePrefab: {fileID: 100100000, guid: e896a7f6f83380b40972e13f5039022a, type: 3}
--- !u!4 &4176540750671872858 stripped
Transform:
  m_CorrespondingSourceObject: {fileID: 4934608945764068, guid: e896a7f6f83380b40972e13f5039022a,
    type: 3}
  m_PrefabInstance: {fileID: 4172450566798890430}
  m_PrefabAsset: {fileID: 0}
--- !u!1001 &5035228738448242501
PrefabInstance:
  m_ObjectHideFlags: 0
  serializedVersion: 2
  m_Modification:
    m_TransformParent: {fileID: 7341514312612791984}
    m_Modifications:
    - target: {fileID: 1452900892236000, guid: 571fddfa4a0c30543815e196fbf20d4b, type: 3}
      propertyPath: m_Name
      value: SNature_Rock2
      objectReference: {fileID: 0}
    - target: {fileID: 4210811200470876, guid: 571fddfa4a0c30543815e196fbf20d4b, type: 3}
      propertyPath: m_RootOrder
      value: 22
      objectReference: {fileID: 0}
    - target: {fileID: 4210811200470876, guid: 571fddfa4a0c30543815e196fbf20d4b, type: 3}
      propertyPath: m_LocalScale.z
      value: 0.2
      objectReference: {fileID: 0}
    - target: {fileID: 4210811200470876, guid: 571fddfa4a0c30543815e196fbf20d4b, type: 3}
      propertyPath: m_LocalPosition.x
      value: -0.5
      objectReference: {fileID: 0}
    - target: {fileID: 4210811200470876, guid: 571fddfa4a0c30543815e196fbf20d4b, type: 3}
      propertyPath: m_LocalPosition.y
      value: 0.21
      objectReference: {fileID: 0}
    - target: {fileID: 4210811200470876, guid: 571fddfa4a0c30543815e196fbf20d4b, type: 3}
      propertyPath: m_LocalPosition.z
      value: -1.511
      objectReference: {fileID: 0}
    - target: {fileID: 4210811200470876, guid: 571fddfa4a0c30543815e196fbf20d4b, type: 3}
      propertyPath: m_LocalRotation.w
      value: 0.9995676
      objectReference: {fileID: 0}
    - target: {fileID: 4210811200470876, guid: 571fddfa4a0c30543815e196fbf20d4b, type: 3}
      propertyPath: m_LocalRotation.x
      value: 0.029404584
      objectReference: {fileID: 0}
    - target: {fileID: 4210811200470876, guid: 571fddfa4a0c30543815e196fbf20d4b, type: 3}
      propertyPath: m_LocalRotation.y
      value: 0
      objectReference: {fileID: 0}
    - target: {fileID: 4210811200470876, guid: 571fddfa4a0c30543815e196fbf20d4b, type: 3}
      propertyPath: m_LocalRotation.z
      value: 0
      objectReference: {fileID: 0}
    - target: {fileID: 4210811200470876, guid: 571fddfa4a0c30543815e196fbf20d4b, type: 3}
      propertyPath: m_LocalEulerAnglesHint.x
      value: 3.37
      objectReference: {fileID: 0}
    - target: {fileID: 4210811200470876, guid: 571fddfa4a0c30543815e196fbf20d4b, type: 3}
      propertyPath: m_LocalEulerAnglesHint.y
      value: 0
      objectReference: {fileID: 0}
    - target: {fileID: 4210811200470876, guid: 571fddfa4a0c30543815e196fbf20d4b, type: 3}
      propertyPath: m_LocalEulerAnglesHint.z
      value: 0
      objectReference: {fileID: 0}
    m_RemovedComponents: []
  m_SourcePrefab: {fileID: 100100000, guid: 571fddfa4a0c30543815e196fbf20d4b, type: 3}
--- !u!4 &5039049051221936153 stripped
Transform:
  m_CorrespondingSourceObject: {fileID: 4210811200470876, guid: 571fddfa4a0c30543815e196fbf20d4b,
    type: 3}
  m_PrefabInstance: {fileID: 5035228738448242501}
  m_PrefabAsset: {fileID: 0}
--- !u!1001 &5367263357094610378
PrefabInstance:
  m_ObjectHideFlags: 0
  serializedVersion: 2
  m_Modification:
    m_TransformParent: {fileID: 7341514312612791984}
    m_Modifications:
    - target: {fileID: 138344, guid: 8a7cf5ac7b4145441a3dca86f869b09e, type: 3}
      propertyPath: m_Name
      value: Tree Type0 04 (5)
      objectReference: {fileID: 0}
    - target: {fileID: 448686, guid: 8a7cf5ac7b4145441a3dca86f869b09e, type: 3}
      propertyPath: m_RootOrder
      value: 14
      objectReference: {fileID: 0}
    - target: {fileID: 448686, guid: 8a7cf5ac7b4145441a3dca86f869b09e, type: 3}
      propertyPath: m_LocalScale.x
      value: 0.85
      objectReference: {fileID: 0}
    - target: {fileID: 448686, guid: 8a7cf5ac7b4145441a3dca86f869b09e, type: 3}
      propertyPath: m_LocalScale.y
      value: 0.6
      objectReference: {fileID: 0}
    - target: {fileID: 448686, guid: 8a7cf5ac7b4145441a3dca86f869b09e, type: 3}
      propertyPath: m_LocalScale.z
      value: 0.22
      objectReference: {fileID: 0}
    - target: {fileID: 448686, guid: 8a7cf5ac7b4145441a3dca86f869b09e, type: 3}
      propertyPath: m_LocalPosition.x
      value: -3.4303093
      objectReference: {fileID: 0}
    - target: {fileID: 448686, guid: 8a7cf5ac7b4145441a3dca86f869b09e, type: 3}
      propertyPath: m_LocalPosition.y
      value: -0.24738188
      objectReference: {fileID: 0}
    - target: {fileID: 448686, guid: 8a7cf5ac7b4145441a3dca86f869b09e, type: 3}
      propertyPath: m_LocalPosition.z
      value: 4.8587127
      objectReference: {fileID: 0}
    - target: {fileID: 448686, guid: 8a7cf5ac7b4145441a3dca86f869b09e, type: 3}
      propertyPath: m_LocalRotation.w
      value: 0.008213321
      objectReference: {fileID: 0}
    - target: {fileID: 448686, guid: 8a7cf5ac7b4145441a3dca86f869b09e, type: 3}
      propertyPath: m_LocalRotation.x
      value: 1.8507616e-10
      objectReference: {fileID: 0}
    - target: {fileID: 448686, guid: 8a7cf5ac7b4145441a3dca86f869b09e, type: 3}
      propertyPath: m_LocalRotation.y
      value: -0.9999663
      objectReference: {fileID: 0}
    - target: {fileID: 448686, guid: 8a7cf5ac7b4145441a3dca86f869b09e, type: 3}
      propertyPath: m_LocalRotation.z
      value: 0.000000022533193
      objectReference: {fileID: 0}
    - target: {fileID: 448686, guid: 8a7cf5ac7b4145441a3dca86f869b09e, type: 3}
      propertyPath: m_LocalEulerAnglesHint.x
      value: 0
      objectReference: {fileID: 0}
    - target: {fileID: 448686, guid: 8a7cf5ac7b4145441a3dca86f869b09e, type: 3}
      propertyPath: m_LocalEulerAnglesHint.y
      value: -179.059
      objectReference: {fileID: 0}
    - target: {fileID: 448686, guid: 8a7cf5ac7b4145441a3dca86f869b09e, type: 3}
      propertyPath: m_LocalEulerAnglesHint.z
      value: 0
      objectReference: {fileID: 0}
    m_RemovedComponents: []
  m_SourcePrefab: {fileID: 100100000, guid: 8a7cf5ac7b4145441a3dca86f869b09e, type: 3}
--- !u!4 &5367263357095026020 stripped
Transform:
  m_CorrespondingSourceObject: {fileID: 448686, guid: 8a7cf5ac7b4145441a3dca86f869b09e,
    type: 3}
  m_PrefabInstance: {fileID: 5367263357094610378}
  m_PrefabAsset: {fileID: 0}
--- !u!1001 &5708491579780389089
PrefabInstance:
  m_ObjectHideFlags: 0
  serializedVersion: 2
  m_Modification:
    m_TransformParent: {fileID: 7341514312612791984}
    m_Modifications:
    - target: {fileID: 138344, guid: 8a7cf5ac7b4145441a3dca86f869b09e, type: 3}
      propertyPath: m_Name
      value: Tree Type0 04 (2)
      objectReference: {fileID: 0}
    - target: {fileID: 448686, guid: 8a7cf5ac7b4145441a3dca86f869b09e, type: 3}
      propertyPath: m_RootOrder
      value: 8
      objectReference: {fileID: 0}
    - target: {fileID: 448686, guid: 8a7cf5ac7b4145441a3dca86f869b09e, type: 3}
      propertyPath: m_LocalScale.x
      value: -0.85
      objectReference: {fileID: 0}
    - target: {fileID: 448686, guid: 8a7cf5ac7b4145441a3dca86f869b09e, type: 3}
      propertyPath: m_LocalScale.y
      value: 0.6
      objectReference: {fileID: 0}
    - target: {fileID: 448686, guid: 8a7cf5ac7b4145441a3dca86f869b09e, type: 3}
      propertyPath: m_LocalScale.z
      value: 0.22
      objectReference: {fileID: 0}
    - target: {fileID: 448686, guid: 8a7cf5ac7b4145441a3dca86f869b09e, type: 3}
      propertyPath: m_LocalPosition.x
      value: -1.5767536
      objectReference: {fileID: 0}
    - target: {fileID: 448686, guid: 8a7cf5ac7b4145441a3dca86f869b09e, type: 3}
      propertyPath: m_LocalPosition.y
      value: -0.2473815
      objectReference: {fileID: 0}
    - target: {fileID: 448686, guid: 8a7cf5ac7b4145441a3dca86f869b09e, type: 3}
      propertyPath: m_LocalPosition.z
      value: -6.08
      objectReference: {fileID: 0}
    - target: {fileID: 448686, guid: 8a7cf5ac7b4145441a3dca86f869b09e, type: 3}
      propertyPath: m_LocalRotation.w
      value: 1
      objectReference: {fileID: 0}
    - target: {fileID: 448686, guid: 8a7cf5ac7b4145441a3dca86f869b09e, type: 3}
      propertyPath: m_LocalRotation.x
      value: 0.0000000218557
      objectReference: {fileID: 0}
    - target: {fileID: 448686, guid: 8a7cf5ac7b4145441a3dca86f869b09e, type: 3}
      propertyPath: m_LocalRotation.y
      value: -0
      objectReference: {fileID: 0}
    - target: {fileID: 448686, guid: 8a7cf5ac7b4145441a3dca86f869b09e, type: 3}
      propertyPath: m_LocalRotation.z
      value: -0
      objectReference: {fileID: 0}
    - target: {fileID: 448686, guid: 8a7cf5ac7b4145441a3dca86f869b09e, type: 3}
      propertyPath: m_LocalEulerAnglesHint.x
      value: 0
      objectReference: {fileID: 0}
    - target: {fileID: 448686, guid: 8a7cf5ac7b4145441a3dca86f869b09e, type: 3}
      propertyPath: m_LocalEulerAnglesHint.y
      value: 0
      objectReference: {fileID: 0}
    - target: {fileID: 448686, guid: 8a7cf5ac7b4145441a3dca86f869b09e, type: 3}
      propertyPath: m_LocalEulerAnglesHint.z
      value: 0
      objectReference: {fileID: 0}
    m_RemovedComponents: []
  m_SourcePrefab: {fileID: 100100000, guid: 8a7cf5ac7b4145441a3dca86f869b09e, type: 3}
--- !u!4 &5708491579780005967 stripped
Transform:
  m_CorrespondingSourceObject: {fileID: 448686, guid: 8a7cf5ac7b4145441a3dca86f869b09e,
    type: 3}
  m_PrefabInstance: {fileID: 5708491579780389089}
  m_PrefabAsset: {fileID: 0}
--- !u!1001 &5785355906861856248
PrefabInstance:
  m_ObjectHideFlags: 0
  serializedVersion: 2
  m_Modification:
    m_TransformParent: {fileID: 7341514312612791984}
    m_Modifications:
    - target: {fileID: 117604, guid: 9469bb1d3aa88ca40aa4079e96a27f8e, type: 3}
      propertyPath: m_Name
      value: Tree Type0 05 (1)
      objectReference: {fileID: 0}
    - target: {fileID: 459958, guid: 9469bb1d3aa88ca40aa4079e96a27f8e, type: 3}
      propertyPath: m_RootOrder
      value: 17
      objectReference: {fileID: 0}
    - target: {fileID: 459958, guid: 9469bb1d3aa88ca40aa4079e96a27f8e, type: 3}
      propertyPath: m_LocalScale.x
      value: 1.9667
      objectReference: {fileID: 0}
    - target: {fileID: 459958, guid: 9469bb1d3aa88ca40aa4079e96a27f8e, type: 3}
      propertyPath: m_LocalScale.y
      value: 2.6864
      objectReference: {fileID: 0}
    - target: {fileID: 459958, guid: 9469bb1d3aa88ca40aa4079e96a27f8e, type: 3}
      propertyPath: m_LocalScale.z
      value: 0.507
      objectReference: {fileID: 0}
    - target: {fileID: 459958, guid: 9469bb1d3aa88ca40aa4079e96a27f8e, type: 3}
      propertyPath: m_LocalPosition.x
      value: -1.0575085
      objectReference: {fileID: 0}
    - target: {fileID: 459958, guid: 9469bb1d3aa88ca40aa4079e96a27f8e, type: 3}
      propertyPath: m_LocalPosition.y
      value: 2.1899998
      objectReference: {fileID: 0}
    - target: {fileID: 459958, guid: 9469bb1d3aa88ca40aa4079e96a27f8e, type: 3}
      propertyPath: m_LocalPosition.z
      value: 5.741034
      objectReference: {fileID: 0}
    - target: {fileID: 459958, guid: 9469bb1d3aa88ca40aa4079e96a27f8e, type: 3}
      propertyPath: m_LocalRotation.w
      value: 0.008213321
      objectReference: {fileID: 0}
    - target: {fileID: 459958, guid: 9469bb1d3aa88ca40aa4079e96a27f8e, type: 3}
      propertyPath: m_LocalRotation.x
      value: 1.8507616e-10
      objectReference: {fileID: 0}
    - target: {fileID: 459958, guid: 9469bb1d3aa88ca40aa4079e96a27f8e, type: 3}
      propertyPath: m_LocalRotation.y
      value: -0.9999663
      objectReference: {fileID: 0}
    - target: {fileID: 459958, guid: 9469bb1d3aa88ca40aa4079e96a27f8e, type: 3}
      propertyPath: m_LocalRotation.z
      value: 0.000000022533193
      objectReference: {fileID: 0}
    - target: {fileID: 459958, guid: 9469bb1d3aa88ca40aa4079e96a27f8e, type: 3}
      propertyPath: m_LocalEulerAnglesHint.x
      value: 0
      objectReference: {fileID: 0}
    - target: {fileID: 459958, guid: 9469bb1d3aa88ca40aa4079e96a27f8e, type: 3}
      propertyPath: m_LocalEulerAnglesHint.y
      value: -179.059
      objectReference: {fileID: 0}
    - target: {fileID: 459958, guid: 9469bb1d3aa88ca40aa4079e96a27f8e, type: 3}
      propertyPath: m_LocalEulerAnglesHint.z
      value: 0
      objectReference: {fileID: 0}
    m_RemovedComponents: []
  m_SourcePrefab: {fileID: 100100000, guid: 9469bb1d3aa88ca40aa4079e96a27f8e, type: 3}
--- !u!4 &5785355906861658446 stripped
Transform:
  m_CorrespondingSourceObject: {fileID: 459958, guid: 9469bb1d3aa88ca40aa4079e96a27f8e,
    type: 3}
  m_PrefabInstance: {fileID: 5785355906861856248}
  m_PrefabAsset: {fileID: 0}
--- !u!1001 &6303772418174857966
PrefabInstance:
  m_ObjectHideFlags: 0
  serializedVersion: 2
  m_Modification:
    m_TransformParent: {fileID: 7341514312612791984}
    m_Modifications:
    - target: {fileID: 1809244605923138, guid: e896a7f6f83380b40972e13f5039022a, type: 3}
      propertyPath: m_Name
      value: SNature_LiliBlossom (1)
      objectReference: {fileID: 0}
    - target: {fileID: 4934608945764068, guid: e896a7f6f83380b40972e13f5039022a, type: 3}
      propertyPath: m_RootOrder
      value: 24
      objectReference: {fileID: 0}
    - target: {fileID: 4934608945764068, guid: e896a7f6f83380b40972e13f5039022a, type: 3}
      propertyPath: m_LocalScale.z
      value: 0.2
      objectReference: {fileID: 0}
    - target: {fileID: 4934608945764068, guid: e896a7f6f83380b40972e13f5039022a, type: 3}
      propertyPath: m_LocalPosition.x
      value: 2.32
      objectReference: {fileID: 0}
    - target: {fileID: 4934608945764068, guid: e896a7f6f83380b40972e13f5039022a, type: 3}
      propertyPath: m_LocalPosition.y
      value: 0.21
      objectReference: {fileID: 0}
    - target: {fileID: 4934608945764068, guid: e896a7f6f83380b40972e13f5039022a, type: 3}
      propertyPath: m_LocalPosition.z
      value: -3.64
      objectReference: {fileID: 0}
    - target: {fileID: 4934608945764068, guid: e896a7f6f83380b40972e13f5039022a, type: 3}
      propertyPath: m_LocalRotation.w
      value: 1
      objectReference: {fileID: 0}
    - target: {fileID: 4934608945764068, guid: e896a7f6f83380b40972e13f5039022a, type: 3}
      propertyPath: m_LocalRotation.x
      value: -0
      objectReference: {fileID: 0}
    - target: {fileID: 4934608945764068, guid: e896a7f6f83380b40972e13f5039022a, type: 3}
      propertyPath: m_LocalRotation.y
      value: -0
      objectReference: {fileID: 0}
    - target: {fileID: 4934608945764068, guid: e896a7f6f83380b40972e13f5039022a, type: 3}
      propertyPath: m_LocalRotation.z
      value: -0
      objectReference: {fileID: 0}
    - target: {fileID: 4934608945764068, guid: e896a7f6f83380b40972e13f5039022a, type: 3}
      propertyPath: m_LocalEulerAnglesHint.x
      value: 0
      objectReference: {fileID: 0}
    - target: {fileID: 4934608945764068, guid: e896a7f6f83380b40972e13f5039022a, type: 3}
      propertyPath: m_LocalEulerAnglesHint.y
      value: 0
      objectReference: {fileID: 0}
    - target: {fileID: 4934608945764068, guid: e896a7f6f83380b40972e13f5039022a, type: 3}
      propertyPath: m_LocalEulerAnglesHint.z
      value: 0
      objectReference: {fileID: 0}
    m_RemovedComponents: []
  m_SourcePrefab: {fileID: 100100000, guid: e896a7f6f83380b40972e13f5039022a, type: 3}
--- !u!4 &6299119285724177418 stripped
Transform:
  m_CorrespondingSourceObject: {fileID: 4934608945764068, guid: e896a7f6f83380b40972e13f5039022a,
    type: 3}
  m_PrefabInstance: {fileID: 6303772418174857966}
  m_PrefabAsset: {fileID: 0}
--- !u!1001 &6378087037070953745
PrefabInstance:
  m_ObjectHideFlags: 0
  serializedVersion: 2
  m_Modification:
    m_TransformParent: {fileID: 7341514312612791984}
    m_Modifications:
    - target: {fileID: 160606, guid: 5c3cbac9d5eae3844a928d36e6dbd1a6, type: 3}
      propertyPath: m_Name
      value: Tree Type0 02 (1)
      objectReference: {fileID: 0}
    - target: {fileID: 498466, guid: 5c3cbac9d5eae3844a928d36e6dbd1a6, type: 3}
      propertyPath: m_RootOrder
      value: 5
      objectReference: {fileID: 0}
    - target: {fileID: 498466, guid: 5c3cbac9d5eae3844a928d36e6dbd1a6, type: 3}
      propertyPath: m_LocalScale.x
      value: 2.35
      objectReference: {fileID: 0}
    - target: {fileID: 498466, guid: 5c3cbac9d5eae3844a928d36e6dbd1a6, type: 3}
      propertyPath: m_LocalScale.y
      value: 2.11
      objectReference: {fileID: 0}
    - target: {fileID: 498466, guid: 5c3cbac9d5eae3844a928d36e6dbd1a6, type: 3}
      propertyPath: m_LocalScale.z
      value: 0.77
      objectReference: {fileID: 0}
    - target: {fileID: 498466, guid: 5c3cbac9d5eae3844a928d36e6dbd1a6, type: 3}
      propertyPath: m_LocalPosition.x
      value: -3.1
      objectReference: {fileID: 0}
    - target: {fileID: 498466, guid: 5c3cbac9d5eae3844a928d36e6dbd1a6, type: 3}
      propertyPath: m_LocalPosition.y
      value: -0.29884204
      objectReference: {fileID: 0}
    - target: {fileID: 498466, guid: 5c3cbac9d5eae3844a928d36e6dbd1a6, type: 3}
      propertyPath: m_LocalPosition.z
      value: -8.43
      objectReference: {fileID: 0}
    - target: {fileID: 498466, guid: 5c3cbac9d5eae3844a928d36e6dbd1a6, type: 3}
      propertyPath: m_LocalRotation.w
      value: 1
      objectReference: {fileID: 0}
    - target: {fileID: 498466, guid: 5c3cbac9d5eae3844a928d36e6dbd1a6, type: 3}
      propertyPath: m_LocalRotation.x
      value: 0.0000000218557
      objectReference: {fileID: 0}
    - target: {fileID: 498466, guid: 5c3cbac9d5eae3844a928d36e6dbd1a6, type: 3}
      propertyPath: m_LocalRotation.y
      value: -0
      objectReference: {fileID: 0}
    - target: {fileID: 498466, guid: 5c3cbac9d5eae3844a928d36e6dbd1a6, type: 3}
      propertyPath: m_LocalRotation.z
      value: -0
      objectReference: {fileID: 0}
    - target: {fileID: 498466, guid: 5c3cbac9d5eae3844a928d36e6dbd1a6, type: 3}
      propertyPath: m_LocalEulerAnglesHint.x
      value: 0
      objectReference: {fileID: 0}
    - target: {fileID: 498466, guid: 5c3cbac9d5eae3844a928d36e6dbd1a6, type: 3}
      propertyPath: m_LocalEulerAnglesHint.y
      value: 0
      objectReference: {fileID: 0}
    - target: {fileID: 498466, guid: 5c3cbac9d5eae3844a928d36e6dbd1a6, type: 3}
      propertyPath: m_LocalEulerAnglesHint.z
      value: 0
      objectReference: {fileID: 0}
    m_RemovedComponents: []
  m_SourcePrefab: {fileID: 100100000, guid: 5c3cbac9d5eae3844a928d36e6dbd1a6, type: 3}
--- !u!4 &6378087037071054387 stripped
Transform:
  m_CorrespondingSourceObject: {fileID: 498466, guid: 5c3cbac9d5eae3844a928d36e6dbd1a6,
    type: 3}
  m_PrefabInstance: {fileID: 6378087037070953745}
  m_PrefabAsset: {fileID: 0}
--- !u!1001 &6915150323916709754
PrefabInstance:
  m_ObjectHideFlags: 0
  serializedVersion: 2
  m_Modification:
    m_TransformParent: {fileID: 7341514312612791984}
    m_Modifications:
    - target: {fileID: 160606, guid: 5c3cbac9d5eae3844a928d36e6dbd1a6, type: 3}
      propertyPath: m_Name
      value: Tree Type0 02 (2)
      objectReference: {fileID: 0}
    - target: {fileID: 498466, guid: 5c3cbac9d5eae3844a928d36e6dbd1a6, type: 3}
      propertyPath: m_RootOrder
      value: 11
      objectReference: {fileID: 0}
    - target: {fileID: 498466, guid: 5c3cbac9d5eae3844a928d36e6dbd1a6, type: 3}
      propertyPath: m_LocalScale.x
      value: 2.35
      objectReference: {fileID: 0}
    - target: {fileID: 498466, guid: 5c3cbac9d5eae3844a928d36e6dbd1a6, type: 3}
      propertyPath: m_LocalScale.y
      value: 1.63
      objectReference: {fileID: 0}
    - target: {fileID: 498466, guid: 5c3cbac9d5eae3844a928d36e6dbd1a6, type: 3}
      propertyPath: m_LocalScale.z
      value: 0.77
      objectReference: {fileID: 0}
    - target: {fileID: 498466, guid: 5c3cbac9d5eae3844a928d36e6dbd1a6, type: 3}
      propertyPath: m_LocalPosition.x
      value: -3.8826065
      objectReference: {fileID: 0}
    - target: {fileID: 498466, guid: 5c3cbac9d5eae3844a928d36e6dbd1a6, type: 3}
      propertyPath: m_LocalPosition.y
      value: -0.29884213
      objectReference: {fileID: 0}
    - target: {fileID: 498466, guid: 5c3cbac9d5eae3844a928d36e6dbd1a6, type: 3}
      propertyPath: m_LocalPosition.z
      value: 8.88928
      objectReference: {fileID: 0}
    - target: {fileID: 498466, guid: 5c3cbac9d5eae3844a928d36e6dbd1a6, type: 3}
      propertyPath: m_LocalRotation.w
      value: 0.008213321
      objectReference: {fileID: 0}
    - target: {fileID: 498466, guid: 5c3cbac9d5eae3844a928d36e6dbd1a6, type: 3}
      propertyPath: m_LocalRotation.x
      value: 1.8507616e-10
      objectReference: {fileID: 0}
    - target: {fileID: 498466, guid: 5c3cbac9d5eae3844a928d36e6dbd1a6, type: 3}
      propertyPath: m_LocalRotation.y
      value: -0.9999663
      objectReference: {fileID: 0}
    - target: {fileID: 498466, guid: 5c3cbac9d5eae3844a928d36e6dbd1a6, type: 3}
      propertyPath: m_LocalRotation.z
      value: 0.000000022533193
      objectReference: {fileID: 0}
    - target: {fileID: 498466, guid: 5c3cbac9d5eae3844a928d36e6dbd1a6, type: 3}
      propertyPath: m_LocalEulerAnglesHint.x
      value: 0
      objectReference: {fileID: 0}
    - target: {fileID: 498466, guid: 5c3cbac9d5eae3844a928d36e6dbd1a6, type: 3}
      propertyPath: m_LocalEulerAnglesHint.y
      value: -179.059
      objectReference: {fileID: 0}
    - target: {fileID: 498466, guid: 5c3cbac9d5eae3844a928d36e6dbd1a6, type: 3}
      propertyPath: m_LocalEulerAnglesHint.z
      value: 0
      objectReference: {fileID: 0}
    m_RemovedComponents: []
  m_SourcePrefab: {fileID: 100100000, guid: 5c3cbac9d5eae3844a928d36e6dbd1a6, type: 3}
--- !u!4 &6915150323916735576 stripped
Transform:
  m_CorrespondingSourceObject: {fileID: 498466, guid: 5c3cbac9d5eae3844a928d36e6dbd1a6,
    type: 3}
  m_PrefabInstance: {fileID: 6915150323916709754}
  m_PrefabAsset: {fileID: 0}
--- !u!1001 &7848432682861626803
PrefabInstance:
  m_ObjectHideFlags: 0
  serializedVersion: 2
  m_Modification:
    m_TransformParent: {fileID: 7341514312612791984}
    m_Modifications:
    - target: {fileID: 138344, guid: 8a7cf5ac7b4145441a3dca86f869b09e, type: 3}
      propertyPath: m_Name
      value: Tree Type0 04 (7)
      objectReference: {fileID: 0}
    - target: {fileID: 448686, guid: 8a7cf5ac7b4145441a3dca86f869b09e, type: 3}
      propertyPath: m_RootOrder
      value: 16
      objectReference: {fileID: 0}
    - target: {fileID: 448686, guid: 8a7cf5ac7b4145441a3dca86f869b09e, type: 3}
      propertyPath: m_LocalScale.x
      value: -0.85
      objectReference: {fileID: 0}
    - target: {fileID: 448686, guid: 8a7cf5ac7b4145441a3dca86f869b09e, type: 3}
      propertyPath: m_LocalScale.y
      value: 0.6
      objectReference: {fileID: 0}
    - target: {fileID: 448686, guid: 8a7cf5ac7b4145441a3dca86f869b09e, type: 3}
      propertyPath: m_LocalScale.z
      value: 0.22
      objectReference: {fileID: 0}
    - target: {fileID: 448686, guid: 8a7cf5ac7b4145441a3dca86f869b09e, type: 3}
      propertyPath: m_LocalPosition.x
      value: -3.377737
      objectReference: {fileID: 0}
    - target: {fileID: 448686, guid: 8a7cf5ac7b4145441a3dca86f869b09e, type: 3}
      propertyPath: m_LocalPosition.y
      value: -0.24738188
      objectReference: {fileID: 0}
    - target: {fileID: 448686, guid: 8a7cf5ac7b4145441a3dca86f869b09e, type: 3}
      propertyPath: m_LocalPosition.z
      value: 5.4986267
      objectReference: {fileID: 0}
    - target: {fileID: 448686, guid: 8a7cf5ac7b4145441a3dca86f869b09e, type: 3}
      propertyPath: m_LocalRotation.w
      value: 0.008213321
      objectReference: {fileID: 0}
    - target: {fileID: 448686, guid: 8a7cf5ac7b4145441a3dca86f869b09e, type: 3}
      propertyPath: m_LocalRotation.x
      value: 1.8507616e-10
      objectReference: {fileID: 0}
    - target: {fileID: 448686, guid: 8a7cf5ac7b4145441a3dca86f869b09e, type: 3}
      propertyPath: m_LocalRotation.y
      value: -0.9999663
      objectReference: {fileID: 0}
    - target: {fileID: 448686, guid: 8a7cf5ac7b4145441a3dca86f869b09e, type: 3}
      propertyPath: m_LocalRotation.z
      value: 0.000000022533193
      objectReference: {fileID: 0}
    - target: {fileID: 448686, guid: 8a7cf5ac7b4145441a3dca86f869b09e, type: 3}
      propertyPath: m_LocalEulerAnglesHint.x
      value: 0
      objectReference: {fileID: 0}
    - target: {fileID: 448686, guid: 8a7cf5ac7b4145441a3dca86f869b09e, type: 3}
      propertyPath: m_LocalEulerAnglesHint.y
      value: -179.059
      objectReference: {fileID: 0}
    - target: {fileID: 448686, guid: 8a7cf5ac7b4145441a3dca86f869b09e, type: 3}
      propertyPath: m_LocalEulerAnglesHint.z
      value: 0
      objectReference: {fileID: 0}
    m_RemovedComponents: []
  m_SourcePrefab: {fileID: 100100000, guid: 8a7cf5ac7b4145441a3dca86f869b09e, type: 3}
--- !u!4 &7848432682862009629 stripped
Transform:
  m_CorrespondingSourceObject: {fileID: 448686, guid: 8a7cf5ac7b4145441a3dca86f869b09e,
    type: 3}
  m_PrefabInstance: {fileID: 7848432682861626803}
  m_PrefabAsset: {fileID: 0}
--- !u!1001 &8592748977216570415
PrefabInstance:
  m_ObjectHideFlags: 0
  serializedVersion: 2
  m_Modification:
    m_TransformParent: {fileID: 7341514312612791984}
    m_Modifications:
    - target: {fileID: 160606, guid: 5c3cbac9d5eae3844a928d36e6dbd1a6, type: 3}
      propertyPath: m_Name
      value: Tree Type0 02 (3)
      objectReference: {fileID: 0}
    - target: {fileID: 498466, guid: 5c3cbac9d5eae3844a928d36e6dbd1a6, type: 3}
      propertyPath: m_RootOrder
      value: 12
      objectReference: {fileID: 0}
    - target: {fileID: 498466, guid: 5c3cbac9d5eae3844a928d36e6dbd1a6, type: 3}
      propertyPath: m_LocalScale.x
      value: 2.35
      objectReference: {fileID: 0}
    - target: {fileID: 498466, guid: 5c3cbac9d5eae3844a928d36e6dbd1a6, type: 3}
      propertyPath: m_LocalScale.y
      value: 2.11
      objectReference: {fileID: 0}
    - target: {fileID: 498466, guid: 5c3cbac9d5eae3844a928d36e6dbd1a6, type: 3}
      propertyPath: m_LocalScale.z
      value: 0.77
      objectReference: {fileID: 0}
    - target: {fileID: 498466, guid: 5c3cbac9d5eae3844a928d36e6dbd1a6, type: 3}
      propertyPath: m_LocalPosition.x
      value: 2.4
      objectReference: {fileID: 0}
    - target: {fileID: 498466, guid: 5c3cbac9d5eae3844a928d36e6dbd1a6, type: 3}
      propertyPath: m_LocalPosition.y
      value: -0.29884213
      objectReference: {fileID: 0}
    - target: {fileID: 498466, guid: 5c3cbac9d5eae3844a928d36e6dbd1a6, type: 3}
      propertyPath: m_LocalPosition.z
      value: 8.14
      objectReference: {fileID: 0}
    - target: {fileID: 498466, guid: 5c3cbac9d5eae3844a928d36e6dbd1a6, type: 3}
      propertyPath: m_LocalRotation.w
      value: 0.008213321
      objectReference: {fileID: 0}
    - target: {fileID: 498466, guid: 5c3cbac9d5eae3844a928d36e6dbd1a6, type: 3}
      propertyPath: m_LocalRotation.x
      value: 1.8507616e-10
      objectReference: {fileID: 0}
    - target: {fileID: 498466, guid: 5c3cbac9d5eae3844a928d36e6dbd1a6, type: 3}
      propertyPath: m_LocalRotation.y
      value: -0.9999663
      objectReference: {fileID: 0}
    - target: {fileID: 498466, guid: 5c3cbac9d5eae3844a928d36e6dbd1a6, type: 3}
      propertyPath: m_LocalRotation.z
      value: 0.000000022533193
      objectReference: {fileID: 0}
    - target: {fileID: 498466, guid: 5c3cbac9d5eae3844a928d36e6dbd1a6, type: 3}
      propertyPath: m_LocalEulerAnglesHint.x
      value: 0
      objectReference: {fileID: 0}
    - target: {fileID: 498466, guid: 5c3cbac9d5eae3844a928d36e6dbd1a6, type: 3}
      propertyPath: m_LocalEulerAnglesHint.y
      value: -179.059
      objectReference: {fileID: 0}
    - target: {fileID: 498466, guid: 5c3cbac9d5eae3844a928d36e6dbd1a6, type: 3}
      propertyPath: m_LocalEulerAnglesHint.z
      value: 0
      objectReference: {fileID: 0}
    m_RemovedComponents: []
  m_SourcePrefab: {fileID: 100100000, guid: 5c3cbac9d5eae3844a928d36e6dbd1a6, type: 3}
--- !u!4 &8592748977217068813 stripped
Transform:
  m_CorrespondingSourceObject: {fileID: 498466, guid: 5c3cbac9d5eae3844a928d36e6dbd1a6,
    type: 3}
  m_PrefabInstance: {fileID: 8592748977216570415}
  m_PrefabAsset: {fileID: 0}
--- !u!1001 &8964688238632839372
PrefabInstance:
  m_ObjectHideFlags: 0
  serializedVersion: 2
  m_Modification:
    m_TransformParent: {fileID: 7341514312612791984}
    m_Modifications:
    - target: {fileID: 138344, guid: 8a7cf5ac7b4145441a3dca86f869b09e, type: 3}
      propertyPath: m_Name
      value: Tree Type0 04 (4)
      objectReference: {fileID: 0}
    - target: {fileID: 448686, guid: 8a7cf5ac7b4145441a3dca86f869b09e, type: 3}
      propertyPath: m_RootOrder
      value: 13
      objectReference: {fileID: 0}
    - target: {fileID: 448686, guid: 8a7cf5ac7b4145441a3dca86f869b09e, type: 3}
      propertyPath: m_LocalScale.x
      value: 0.85
      objectReference: {fileID: 0}
    - target: {fileID: 448686, guid: 8a7cf5ac7b4145441a3dca86f869b09e, type: 3}
      propertyPath: m_LocalScale.y
      value: 0.6
      objectReference: {fileID: 0}
    - target: {fileID: 448686, guid: 8a7cf5ac7b4145441a3dca86f869b09e, type: 3}
      propertyPath: m_LocalScale.z
      value: 0.22
      objectReference: {fileID: 0}
    - target: {fileID: 448686, guid: 8a7cf5ac7b4145441a3dca86f869b09e, type: 3}
      propertyPath: m_LocalPosition.x
      value: 0.60590553
      objectReference: {fileID: 0}
    - target: {fileID: 448686, guid: 8a7cf5ac7b4145441a3dca86f869b09e, type: 3}
      propertyPath: m_LocalPosition.y
      value: -0.24738188
      objectReference: {fileID: 0}
    - target: {fileID: 448686, guid: 8a7cf5ac7b4145441a3dca86f869b09e, type: 3}
      propertyPath: m_LocalPosition.z
      value: 4.845449
      objectReference: {fileID: 0}
    - target: {fileID: 448686, guid: 8a7cf5ac7b4145441a3dca86f869b09e, type: 3}
      propertyPath: m_LocalRotation.w
      value: 0.008213321
      objectReference: {fileID: 0}
    - target: {fileID: 448686, guid: 8a7cf5ac7b4145441a3dca86f869b09e, type: 3}
      propertyPath: m_LocalRotation.x
      value: 1.8507616e-10
      objectReference: {fileID: 0}
    - target: {fileID: 448686, guid: 8a7cf5ac7b4145441a3dca86f869b09e, type: 3}
      propertyPath: m_LocalRotation.y
      value: -0.9999663
      objectReference: {fileID: 0}
    - target: {fileID: 448686, guid: 8a7cf5ac7b4145441a3dca86f869b09e, type: 3}
      propertyPath: m_LocalRotation.z
      value: 0.000000022533193
      objectReference: {fileID: 0}
    - target: {fileID: 448686, guid: 8a7cf5ac7b4145441a3dca86f869b09e, type: 3}
      propertyPath: m_LocalEulerAnglesHint.x
      value: 0
      objectReference: {fileID: 0}
    - target: {fileID: 448686, guid: 8a7cf5ac7b4145441a3dca86f869b09e, type: 3}
      propertyPath: m_LocalEulerAnglesHint.y
      value: -179.059
      objectReference: {fileID: 0}
    - target: {fileID: 448686, guid: 8a7cf5ac7b4145441a3dca86f869b09e, type: 3}
      propertyPath: m_LocalEulerAnglesHint.z
      value: 0
      objectReference: {fileID: 0}
    m_RemovedComponents: []
  m_SourcePrefab: {fileID: 100100000, guid: 8a7cf5ac7b4145441a3dca86f869b09e, type: 3}
--- !u!4 &8964688238632759394 stripped
Transform:
  m_CorrespondingSourceObject: {fileID: 448686, guid: 8a7cf5ac7b4145441a3dca86f869b09e,
    type: 3}
  m_PrefabInstance: {fileID: 8964688238632839372}
  m_PrefabAsset: {fileID: 0}
